%% Created using Papers on Wed, 07 May 2014.
%% http://papersapp.com/papers/

@article{Fitts:1954wz,
author = {Fitts, Paul M},
title = {{The Information Capacity of the Human Motor System in Controlling the Amplitude of Movement}},
journal = {Journal of Experimental Psychology},
year = {1954},
volume = {47},
number = {6},
pages = {381--391},
month = jun
}

@article{Osterhout:1992tk,
author = {Osterhout, L and Holcomb, PJ},
title = {{Event-related brain potentials elicited by syntactic anomaly}},
journal = {Journal of Memory and Language},
year = {1992}
}

@article{Norwich:1987tq,
author = {Norwich, Kenneth H},
title = {{On the theory of Weber fraction}},
journal = {Perception {\&} Psychophysics},
year = {1987},
volume = {42},
number = {3},
pages = {286--298}
}

@article{Luce:2003ck,
author = {Luce, R Duncan},
title = {{Whatever happened to information theory in psychology?}},
journal = {Review of General Psychology},
year = {2003},
volume = {7},
number = {2},
pages = {183--188}
}

@article{Laming:2001uf,
author = {Laming, D.},
title = {{Statistical information, uncertainty, and Bayes' theorem: Some applications in experimental psychology}},
journal = {Symbolic and quantitative approaches to reasoning with uncertainty},
year = {2001},
pages = {635--646}
}

@article{Inhoff:1986vs,
author = {Inhoff, Albrecht Werner and Rayner, Keith},
title = {{Parafoveal word processing during eye fixations in reading: Effects of word frequency}},
journal = {Perception {\&} Psychophysics},
year = {1986},
volume = {40},
number = {6},
pages = {431--439}
}

@article{Reitter:2011iv,
author = {Reitter, David and Keller, Frank and Moore, Johanna D},
title = {{A Computational Cognitive Model of Syntactic Priming}},
journal = {Cognitive Science},
year = {2011},
volume = {35},
number = {4},
pages = {587--637},
month = jan
}

@inproceedings{Kwon:2013tj,
author = {Kwon, Nayoung},
title = {{Predicting upcoming words with semantic features: evidence from ERPs}},
booktitle = {CUNY},
year = {2013},
pages = {1--1},
month = apr
}

@article{Feldman:2009fk,
author = {Feldman, Naomi H and Griffiths, Thomas L and Morgan, James L},
title = {{The influence of categories on perception: Explaining the perceptual magnet effect as optimal statistical inference.}},
journal = {Psychological Review},
year = {2009},
volume = {116},
number = {4},
pages = {752--782}
}

@article{FlorianJaeger:2010hl,
author = {Florian Jaeger, T},
title = {{Redundancy and reduction: Speakers manage syntactic information density}},
journal = {Cognitive Psychology},
year = {2010},
volume = {61},
number = {1},
pages = {23--62},
month = aug
}

@book{Crawford:2011tr,
author = {Crawford, J.},
title = {{Syntactic Satiation of Subject Islands}},
year = {2011},
month = may
}

@article{Delong:2005jf,
author = {Delong, Katherine A and Urbach, Thomas P and Kutas, Marta},
title = {{Probabilistic word pre-activation during language comprehension inferred from electrical brain activity}},
journal = {Nature neuroscience},
year = {2005},
volume = {8},
number = {8},
pages = {1117--1121},
month = jul
}

@article{Goldsmith:2012kw,
author = {Goldsmith, John and Riggle, Jason},
title = {{Information theoretic approaches to phonological structure: the case of Finnish vowel harmony}},
journal = {Natural Language {\&} Linguistic Theory},
year = {2012},
volume = {30},
number = {3},
pages = {859--896},
month = may
}

@article{Trehub:1985vd,
author = {Trehub, Sandra E and Thorpe, Leigh A and Morrongiello, Barbara A},
title = {{Infants' perception of melodies: Changes in a single tone}},
journal = {Infant Behavior and Development},
year = {1985},
volume = {8},
number = {2},
pages = {213--223}
}

@article{Rayner:1996wa,
author = {Rayner, Keith and Sereno, Sara C and Raney, Gary E},
title = {{Eye movement control in reading}},
journal = {Journal of Experimental Psychology: Human Perception and Performance},
year = {1996},
volume = {22},
number = {5},
pages = {1188--1200}
}

@incollection{Phillips:2012ur,
author = {Phillips, C.},
title = {{On the Nature of Island Constraints. II: Language Learning and Innateness}},
booktitle = {Experimental syntax and island effects},
year = {2012},
editor = {Sprouse, J. and Hornstein, Norbert},
publisher = {Cambridge University Press},
month = jan
}

@article{Boskovic:2005tx,
author = {Bo{\v s}kovi{\'c}, {\v Z}},
title = {{On the locality of left branch extraction and the structure of NP*}},
journal = {Studia Linguistica},
year = {2005}
}

@article{Clark:2009wk,
author = {Clark, Alexander and Lappin, Shalom},
title = {{Another look at indirect negative evidence}},
year = {2009},
pages = {1--8},
month = feb,
annote = {Puts constraints on distributions given to the learner to make learning possible.}
}

@article{Friederici:1993up,
author = {Friederici, AD and Pfeifer, E and Hahne, A},
title = {{Event-related brain potentials during natural speech processing: Effects of semantic, morphological and syntactic violations}},
journal = {Cognitive Brain Research},
year = {1993}
}

@article{Clark:2010ts,
author = {Clark, A},
title = {{Computational Learning Theory and Language Acquisition}},
year = {2010}
}

@article{Hartsuiker:1998ur,
author = {Hartsuiker, Robert J and Kolk, Herman HJ},
title = {{Syntactic facilitation in agrammatic sentence production}},
journal = {Brain and Language},
year = {1998},
volume = {62},
number = {2},
pages = {221--254}
}

@techreport{Bever:1970tq,
author = {{Bever}},
title = {{The Cognitive Basis for Linguistic Structures}},
year = {1970},
month = jan
}

@incollection{Fanselow:2006we,
author = {Fanselow, G and Frisch, Stefan},
title = {{Effects of processing difficulty on judgments of acceptability}},
booktitle = {Gradience in grammar},
year = {2006},
editor = {Fanselow, Gisbert and Fery, Caroline and Schlesewsky, M. and Vogel, Ralf},
pages = {291--316},
publisher = {Oxford University Press}
}

@article{Lewis:1996tb,
author = {Lewis, RL},
title = {{Interference in short-term memory: The magical number two (or three) in sentence processing}},
journal = {Journal of Psycholinguistic Research},
year = {1996}
}

@article{Bard:1996ty,
author = {Bard, E.G. and Robertson, D. and Sorace, A.},
title = {{Magnitude estimation of linguistic acceptability}},
journal = {Language},
year = {1996},
pages = {32--68}
}

@phdthesis{Francom:2009tl,
author = {Francom, Jerid Cole},
title = {{Experimental Syntax: Exploring the effect of repeated exposure to anomalous syntactic structure}},
school = {University of Arizona},
year = {2009},
month = aug
}

@unpublished{Boersma:2004va,
author = {Boersma, Paul},
title = {{A stochastic OT account of paralinguistic tasks such as grammaticality and prototypicality judgments}},
month = mar,
year = {2004}
}

@article{Balota:2007wx,
author = {Balota, D A and Yap, M J and Hutchison, K A and Kessler, B and Loftis, B and Neely, J H and Nelson, D L and Simpson, G B and Treiman, R},
title = {{The English lexicon project}},
journal = {Behavior Research Methods},
year = {2007},
volume = {39},
pages = {445--459}
}

@article{FerreriCancho:2013ve,
author = {Ferrer i Cancho, Ramon and Debowski, Lukasz and Moscoso del Prado Martin, Fermin},
title = {{Constant conditional entropy and related hypotheses
}},
year = {2013},
pages = {1--8},
month = may
}

@article{Snedeker:2003wt,
author = {Snedeker, Jesse and Trueswell, John},
title = {{Using prosody to avoid ambiguity: Effects of speaker awareness and referential context}},
journal = {Journal of Memory and Language},
year = {2003},
volume = {48},
number = {1},
pages = {103--130}
}

@article{Skopeteas:2011ik,
author = {Skopeteas, Stavros and Fanselow, Gisbert},
title = {{Focus and the exclusion of alternatives: On the interaction of syntactic structure with pragmatic inference}},
journal = {Lingua},
year = {2011},
volume = {121},
number = {11},
pages = {1693--1706},
month = sep
}

@article{Brouwer:2012ck,
author = {Brouwer, H. and Fitz, H. and Hoeks, J.},
title = {{Getting real about Semantic Illusions: Rethinking the functional role of the P600 in language comprehension}},
journal = {Brain Research},
year = {2012}
}

@article{Munte:1998uo,
author = {M{\"u}nte, TF and Heinze, HJ and Matzke, M and Wieringa, BM and Johannes, S},
title = {{Brain potentials and syntactic violations revisited: No evidence for specificity of the syntactic positive shift}},
journal = {Neuropsychologia},
year = {1998}
}

@inproceedings{Levy:2007vx,
author = {Levy, Roger and Jaeger, T. Florian},
title = {{Speakers optimize information density through syntactic reduction}},
booktitle = {Twentieth Annual Conference on Neural Information Processing Systems},
year = {2007},
pages = {1--8},
month = jan
}

@article{Shannon:1951wx,
author = {Shannon, C E},
title = {{Prediction and Entropy of Printed English}},
year = {1951},
pages = {1--8}
}

@article{Kolk:2003gw,
author = {Kolk, Herman H J and Chwilla, Dorothee J and van Herten, Marieke and Oor, Patrick J W},
title = {{Structure and limited capacity in verbal working memory: A study with event-related potentials}},
journal = {Brain and Language},
year = {2003},
volume = {85},
number = {1},
pages = {1--36},
month = apr
}

@article{Kuperberg:2003ho,
author = {Kuperberg, Gina R and Sitnikova, Tatiana and Caplan, David and Holcomb, Phillip J},
title = {{Electrophysiological distinctions in processing conceptual relationships within simple sentences}},
journal = {Cognitive Brain Research},
year = {2003},
volume = {17},
number = {1},
pages = {117--129},
month = jun
}

@article{Nieuwland:2005hz,
author = {Nieuwland, Mante S and Van Berkum, Jos J A},
title = {{Testing the limits of the semantic illusion phenomenon: ERPs reveal temporary semantic change deafness in discourse comprehension}},
journal = {Cognitive Brain Research},
year = {2005},
volume = {24},
number = {3},
pages = {691--701},
month = aug
}

@article{vanHerten:2005dm,
author = {van Herten, Marieke and Kolk, Herman H J and Chwilla, Dorothee J},
title = {{An ERP study of P600 effects elicited by semantic anomalies}},
journal = {Cognitive Brain Research},
year = {2005},
volume = {22},
number = {2},
pages = {241--255},
month = feb
}

@article{Pickering:2012vz,
author = {Pickering, Martin J and Garrod, Simon},
title = {{An Integrated Theory of Language Production and Comprehension}},
journal = {Behavioral and Brain Sciences},
year = {2012},
month = feb
}

@article{Rayner:1986ud,
author = {Rayner, K. and Duffy, S A},
title = {{Lexical complexity and fixation times in reading: Effects of word frequency, verb complexity, and lexical ambiguity}},
journal = {Memory {\&} Cognition},
year = {1986},
volume = {14},
number = {3},
pages = {191--201}
}

@article{Abdallah:2009io,
author = {Abdallah, Samer and Plumbley, Mark},
title = {{Information dynamics: patterns of expectation and surprise in the perception of music}},
journal = {Connection Science},
year = {2009},
volume = {21},
number = {2-3},
pages = {89--117},
month = sep
}

@article{Anonymous:RG-885DS,
title = {{ConwellBUCLD}},
year = {2011},
pages = {1--13},
month = feb
}

@book{Temperley:2010vk,
author = {Temperley, David},
title = {{Music and Probability}},
publisher = {The MIT Press},
year = {2010},
month = aug
}

@article{King:1999ut,
author = {King, Gary and Rosen, Ori and Tanner, Martin A},
title = {{Binomial-beta hierarchical models for ecological inference}},
journal = {Sociological Methods {\&} Research},
year = {1999},
volume = {28},
number = {1},
pages = {61--90}
}

@phdthesis{Ross:1967ua,
author = {Ross, John Robert},
title = {{Constraints on variables in syntax}},
school = {Massachusetts Institute of Technology},
year = {1967}
}

@incollection{Anonymous:2010wl,
title = {{Chapter 1}},
booktitle = {Music and Probability},
year = {2010},
publisher = {The MIT Press},
month = aug
}

@article{Barr:2013vf,
author = {Barr, D J and Levy, R. and Scheepers, C and Tily, H J},
title = {{Random effects structure for confirmatory hypothesis testing: Keep it maximal}},
journal = {Journal of Memory and Language},
year = {2013},
volume = {68},
number = {3},
pages = {255--278}
}

@incollection{Anonymous:2010wn,
title = {{Chapter 2}},
booktitle = {Music and Probability},
year = {2010},
publisher = {The MIT Press},
month = aug
}

@incollection{Anonymous:2010vr,
title = {{Chapter 3}},
booktitle = {Music and Probability},
year = {2010},
publisher = {The MIT Press},
month = aug
}

@incollection{Anonymous:2010uu,
title = {{Chapter 4}},
booktitle = {Music and Probability},
year = {2010},
publisher = {The MIT Press},
month = aug
}

@article{Levy:2011vn,
author = {Levy, Roger},
title = {{Integrating surprisal and uncertain-input models in online sentence comprehension: formal techniques and empirical results}},
year = {2011},
pages = {1055--1065}
}

@incollection{Anonymous:2010wk,
title = {{Chapter 5}},
booktitle = {Music and Probability},
year = {2010},
publisher = {The MIT Press},
month = aug
}

@incollection{Anonymous:2010ts,
title = {{Chapter 6}},
booktitle = {Music and Probability},
year = {2010},
publisher = {The MIT Press},
month = aug
}

@inproceedings{Directexperienceve:2013vu,
author = {Morgan, Emily and Levy, Roger},
title = {{Direct experience versus abstract knowledge in linguistic processing}},
booktitle = {CUNY},
year = {2013}
}

@inproceedings{Niyogi:2009vs,
author = {Niyogi, P},
title = {{The proper treatment of language acquisition and change in a population setting}},
booktitle = {Proceedings of the National {\ldots}},
year = {2009}
}

@article{Rossell:2000dv,
author = {Rossell, Susan L and Shapleske, Jane and David, Anthony S},
title = {{Direct and indirect semantic priming with neutral and emotional words in schizophrenia: Relationship to delusions}},
journal = {Cognitive Neuropsychiatry},
year = {2000},
volume = {5},
number = {4},
pages = {271--292},
month = nov
}

@article{Ullman:2001vd,
author = {Ullman, Michael T},
title = {{A neurocognitive perspective on language: The declarative/procedural model}},
journal = {Nature reviews neuroscience},
year = {2001},
volume = {2},
number = {10},
pages = {717--726}
}

@inproceedings{Purrier:2013wr,
author = {Purrier, Morgan R and Ward, Rebekah and Ackerman, Lauren and Yoshida, Masaya},
title = {{Online Filler-Gap Dependency Formation and That-Trace Effect}},
booktitle = {CUNY},
year = {2013},
pages = {1--2},
month = apr
}

@article{Baayen:2011eh,
author = {Baayen, R Harald and Milin, Petar and Đurđevi{\'c}, Dusica Filipovi{\'c} and Hendrix, Peter and Marelli, Marco},
title = {{An amorphous model for morphological processing in visual comprehension based on naive discriminative learning.}},
journal = {Psychological Review},
year = {2011},
volume = {118},
number = {3},
pages = {438--481}
}

@article{Loui:2011ty,
author = {Loui, Psyche and Li, H Charles and Hohmann, Anja and Schlaug, Gottfried},
title = {{Enhanced cortical connectivity in absolute pitch musicians: a model for local hyperconnectivity}},
journal = {Journal of Cognitive Neuroscience},
year = {2011},
volume = {23},
number = {4},
pages = {1015--1026}
}

@article{Meyer:1957tt,
author = {Meyer, Leonard B},
title = {{Meaning in Music and Information Theory}},
journal = {The Journal of Aesthetics and Art Criticism},
year = {1957},
volume = {15},
number = {4},
pages = {412--424},
month = jun
}

@inproceedings{ThePindexesrat:2013wz,
author = {Gibson, Edward and Stearns, Laura and Bergen, Leon and Eddy, Marianna and Fedorenko, Evelina},
title = {{The P600 indexes rational error correction within a noisy-channel model of human communication}},
booktitle = {CUNY},
year = {2013}
}

@phdthesis{Pearce:2005wr,
author = {Pearce, Marcus Thomas},
title = {{THE CONSTRUCTION AND EVALUATION OF STATISTICAL MODELS OF MELODIC STRUCTURE IN MUSIC PERCEPTION AND COMPOSITION}},
school = {City University, London},
year = {2005},
month = oct
}

@article{Johnson:2007wl,
author = {Johnson, M and Griffiths, T L and Goldwater, S},
title = {{Adaptor grammars: A framework for specifying compositional nonparametric Bayesian models}},
journal = {Advances in neural information processing systems},
year = {2007},
volume = {19},
pages = {641}
}

@article{Jackendoff:1991vc,
author = {Jackendoff, R.},
title = {{Musical Parsing and Musical Affect}},
journal = {Music Perception: An Interdisciplinary Jounral},
year = {1991},
volume = {9},
number = {2},
pages = {199--229},
month = apr
}

@article{Loui:2012iq,
author = {Loui, Psyche and Zamm, Anna and Schlaug, Gottfried},
title = {{Enhanced functional networks in absolute pitch}},
journal = {NeuroImage},
year = {2012},
volume = {63},
number = {2},
pages = {632--640},
month = nov
}

@article{Chanda:2013ed,
author = {Chanda, Mona Lisa and Levitin, Daniel J},
title = {{The neurochemistry of music}},
journal = {Trends in Cognitive Sciences},
year = {2013},
volume = {17},
number = {4},
pages = {179--193},
month = apr
}

@article{Hale:2010gc,
author = {Hale, John T},
title = {{What a Rational Parser Would Do}},
journal = {Cognitive Science},
year = {2010},
volume = {35},
number = {3},
pages = {399--443},
month = nov
}

@article{BAILEY:2003dl,
author = {BAILEY, K},
title = {{Disfluencies affect the parsing of garden-path sentences}},
journal = {Journal of Memory and Language},
year = {2003},
volume = {49},
number = {2},
pages = {183--200},
month = aug
}

@article{Chen:1996vf,
author = {Chen, Stanley F and Goodman, Joshua},
title = {{An empirical study of smoothing techniques for language modeling}},
year = {1996},
pages = {310--318}
}

@article{Ullman:2005jf,
author = {Ullman, Michael T and Pancheva, Roumyana and Love, Tracy and Yee, Eiling and Swinney, David and Hickok, Gregory},
title = {{Neural correlates of lexicon and grammar: Evidence from the production, reading, and judgment of inflection in aphasia}},
journal = {Brain and Language},
year = {2005},
volume = {93},
number = {2},
pages = {185--238},
month = may
}

@article{Ferguson:2014fe,
author = {Ferguson, Brock and Graf, Eileen and Waxman, Sandra R},
title = {{Infants use known verbs to learn novel nouns: Evidence from 15- and 19-month-olds}},
journal = {Cognition},
year = {2014},
volume = {131},
number = {1},
pages = {139--146},
month = apr
}

@article{Lau:2014ta,
author = {Lau, Jey Han and Clark, Alexander and Lappin, Shalom},
title = {{Measuring Gradience in Speakers' Grammaticality Judgements}},
journal = {Proceedings of CogSci 2014},
year = {2014},
pages = {1--6},
month = apr
}

@article{Anonymous:FYEU-4U6,
title = {{FindingStructurein Time}},
year = {2003},
pages = {1--33},
month = nov
}

@article{Jones:2012eq,
author = {Jones, Nicholaos and Wolkenhauer, Olaf},
title = {{Diagrams as locality aids for explanation and model construction in cell biology}},
journal = {Biology {\&} Philosophy},
year = {2012},
volume = {27},
number = {5},
pages = {705--721},
month = feb
}

@book{Pearl:1988wz,
author = {Pearl, Judea},
title = {{Probabilistic Reasoning in Intelligent Systems}},
publisher = {Morgan Kaufmann Pub},
year = {1988},
series = {Networks of Plausble Inference}
}

@article{Kwon:2011vm,
author = {Kwon, Nayoung and Kluender, Robert and Kutas, Marta and Polinksy, Maria},
title = {{Subject/object processing asymmetries in Korean relative clauses: Evidence from ERP data}},
year = {2011},
pages = {1--93},
month = aug
}

@article{Dimigen:2011cd,
author = {Dimigen, Olaf and Sommer, Werner and Hohlfeld, Annette and Jacobs, Arthur M and Kliegl, Reinhold},
title = {{Coregistration of eye movements and EEG in natural reading: Analyses and review.}},
journal = {Journal of Experimental Psychology: General},
year = {2011},
volume = {140},
number = {4},
pages = {552--572}
}

@article{Staub:2011kq,
author = {Staub, Adrian},
title = {{The effect of lexical predictability on distributions of eye fixation durations}},
journal = {Psychonomic Bulletin {\&} Review},
year = {2011},
volume = {18},
number = {2},
pages = {371--376}
}

@article{Osterhout:1996uk,
author = {Osterhout, L and McKinnon, R and Bersick, M and Corey, V},
title = {{On the language specificity of the brain response to syntactic anomalies: Is the syntactic positive shift a member of the P300 family?}},
journal = {Journal of Cognitive {\ldots}},
year = {1996}
}

@book{Bybee:2003wl,
author = {Bybee, Joan},
title = {{Phonology and Language Use}},
publisher = {Cambridge University Press},
year = {2003},
month = feb
}

@article{Lewis:2013vd,
author = {Lewis, Shevaun and Phillips, Colin},
title = {{Aligning Grammatical Theories and Language Processing Models}},
year = {2013},
pages = {1--53},
month = aug
}

@article{Boudewyn:2013tv,
author = {Boudewyn, Megan and Long, Debra and Swaab, T Y},
title = {{For Review Only: Pre-activation of Semantic Features in Spoken Discourse
}},
year = {2013},
pages = {1--35},
month = jun
}

@article{Smith:1990tb,
author = {Smith, J David and Melara, Robert J},
title = {{Aesthetic preference and syntactic prototypicality in music:'Tis the gift to be simple}},
journal = {Cognition},
year = {1990},
volume = {34},
number = {3},
pages = {279--298}
}

@article{Keller:2009wn,
author = {Keller, F. and Gunasekharan, S and Mayo, N and Corley, M},
title = {{Timing accuracy of web experiments: A case study using the WebExp software package}},
journal = {Behavior Research Methods},
year = {2009},
volume = {41},
number = {1},
pages = {1--12}
}

@incollection{Anonymous:2010ww,
title = {{Chapter 7}},
booktitle = {Music and Probability},
year = {2010},
publisher = {The MIT Press},
month = aug
}

@incollection{Anonymous:2010ul,
title = {{Chapter 8}},
booktitle = {Music and Probability},
year = {2010},
publisher = {The MIT Press},
month = aug
}

@incollection{Anonymous:2010tt,
title = {{Chapter 9}},
booktitle = {Music and Probability},
year = {2010},
publisher = {The MIT Press},
month = aug
}

@incollection{Anonymous:2010wg,
title = {{Chapter 10}},
booktitle = {Music and Probability},
year = {2010},
publisher = {The MIT Press},
month = aug
}

@article{Chen:1999vf,
author = {Chen, Stanley F and Goodman, Joshua},
title = {{An empirical study of smoothing techniques for language modeling}},
journal = {Computer Speech {\&} Language},
year = {1999},
volume = {13},
number = {4},
pages = {359--393}
}

@incollection{Anonymous:2010tk,
title = {{Chapter 11}},
booktitle = {Music and Probability},
year = {2010},
publisher = {The MIT Press},
month = aug
}

@incollection{Anonymous:2010ta,
title = {{Chapter 12}},
booktitle = {Music and Probability},
year = {2010},
publisher = {The MIT Press},
month = aug
}

@incollection{Anonymous:2010vc,
title = {{Chapter 13}},
booktitle = {Music and Probability},
year = {2010},
publisher = {The MIT Press},
month = aug
}

@incollection{Anonymous:2010tn,
title = {{Chapter 14}},
booktitle = {Music and Probability},
year = {2010},
publisher = {The MIT Press},
month = aug
}

@incollection{Anonymous:2010uz,
title = {{Chapter 15}},
booktitle = {Music and Probability},
year = {2010},
publisher = {The MIT Press},
month = aug
}

@incollection{Wiggins:2009ud,
author = {Wiggins, Geraint A and Pearce, Marcus Thomas and M{\"u}llensiefen, Daniel},
title = {{Computational Modelling of Music Cognition and Musical Creativity}},
year = {2009},
pages = {1--25},
publisher = {Oxford University Press},
month = apr
}

@incollection{Cooper:1975uz,
author = {Cooper, William E and Ross, John Robert},
title = {{World Order}},
booktitle = {Papers from the Parasession on Functionalism},
year = {1975},
editor = {Grossman, Robin E and San, L James and Vance, Timothy J},
pages = {63--111},
organization = {MIT},
publisher = {Chicago Linguistics Society},
address = {Chicago},
annote = {Me First/Archie Bunker
applies to proverbs as well
framed not as an online constraint but rather as a principle that will help expressions stick around (diachronically)}
}

@incollection{Kuperberg:2013wa,
author = {Kuperberg, Gina R},
title = {{The Proactive Comprehender: What Event-Related Potentials tell us about the dynamics of reading comprehension}},
booktitle = {Unraveling the Behavioral, Neurobiological, and Genetic Components of Reading Comprehension
},
year = {2013},
editor = {Miller, Brent and Cutting, L and McCardle, P},
publisher = {Paul Brookes Publishing},
address = {Baltimore},
month = oct
}

@incollection{Rumelhart:1986wx,
author = {Rumelhart, D E and McClelland, James L},
title = {{On Learning the Past Tenses of English Verbs}},
booktitle = {Parallel distributed processing: Explorations in the microstructure of cognition},
year = {1986},
editor = {McClelland, James L and Rumelhart, D E and group, the PDP research},
publisher = {MIT Press},
address = {Cambridge, MA},
month = jul
}

@inproceedings{Conditionalindepend:2010vx,
author = {Saul, Lawrence},
title = {{Conditional independence, d-separation, polytrees}},
booktitle = {CSE 250A},
year = {2010},
organization = {UCSD},
month = oct
}

@article{Creel:2011gt,
author = {Creel, Sarah C and Tumlin, Melanie A},
title = {{Online Recognition of Music Is Influenced by Relative and Absolute Pitch Information}},
journal = {Cognitive Science},
year = {2011},
volume = {36},
number = {2},
pages = {224--260},
month = oct
}

@article{Creel:2011fc,
author = {Creel, Sarah C},
title = {{Specific previous experience affects perception of harmony and meter.}},
journal = {Journal of Experimental Psychology: Human Perception and Performance},
year = {2011},
volume = {37},
number = {5},
pages = {1512--1526}
}

@article{Coulson:1998wx,
author = {Coulson, S and King, JW and Kutas, M},
title = {{Expect the unexpected: Event-related brain response to morphosyntactic violations}},
journal = {Language and cognitive {\ldots}},
year = {1998}
}

@article{Ferreira:2013ka,
author = {Ferreira, Victor S and Schotter, Elizabeth R},
title = {{Do verb bias effects on sentence production reflect sensitivity to comprehension or production factors?}},
journal = {The Quarterly Journal of Experimental Psychology},
year = {2013},
pages = {1--24},
month = jan
}

@article{Fernandez:2013fo,
author = {Fern{\'a}ndez, Gerardo and Shalom, Diego E and Kliegl, Reinhold and Sigman, Mariano},
title = {{Eye movements during reading proverbs and regular sentences: The incoming word predictability effect}},
journal = {Language and Cognitive Processes},
year = {2013},
pages = {1--19},
month = jan
}

@article{Kidd:2012dl,
author = {Kidd, Celeste and Piantadosi, Steven T and Aslin, Richard N},
title = {{The Goldilocks Effect: Human Infants Allocate Attention to Visual Sequences That Are Neither Too Simple Nor Too Complex}},
journal = {PLoS ONE},
year = {2012},
volume = {7},
number = {5},
pages = {e36399},
month = may
}

@article{Bresnan:2007td,
author = {Bresnan, Joan and Cueni, Anna and Nikitina, Tatiana and Baayen, R Harald},
title = {{Predicting the dative alternation}},
journal = {Cognitive foundations of interpretation},
year = {2007},
pages = {69--94}
}

@article{Orfitelli:2012uk,
author = {Orfitelli, Robyn and Polinksy, Maria},
title = {{When performance masquerades as comprehension: Assessing grammaticality in non-L1 populations}},
year = {2012},
pages = {1--15},
month = dec
}

@article{Bock:1996vl,
author = {Bock, K},
title = {{Language production: Methods and methodologies}},
journal = {Psychonomic Bulletin {\&} Review},
year = {1996},
volume = {3},
number = {4},
pages = {395--421}
}

@article{Meunier:2007kl,
author = {Meunier, Fanny and Longtin, Catherine-Marie},
title = {{Morphological decomposition and semantic integration in word processing☆}},
journal = {Journal of Memory and Language},
year = {2007},
volume = {56},
number = {4},
pages = {457--471},
month = may
}

@article{Hayes:2008wq,
author = {Hayes, B and Wilson, C},
title = {{A maximum entropy model of phonotactics and phonotactic learning}},
journal = {Linguistic Inquiry},
year = {2008},
volume = {39},
number = {3},
pages = {379--440}
}

@incollection{Bybee:1999tm,
author = {Bybee, Joan},
title = {{Usage-based Phonology}},
booktitle = {Functionalism and Formalism in Linguistics: General papers
},
year = {1999},
editor = {Darnell, Mike and Moravcsik, Edith A and Noonan, Michael and Newmeyer, Frederick J and Wheatley, Kathleen},
pages = {211--242},
publisher = {John Benjamins},
address = {Amsterdam}
}

@article{Snyder:2000uj,
author = {Snyder, W.},
title = {{An experimental investigation of syntactic satiation effects}},
journal = {Linguistic Inquiry},
year = {2000},
volume = {31},
number = {3},
pages = {575--582}
}

@article{Juhasz:2006iu,
author = {Juhasz, Barbara J and Liversedge, Simon P and White, Sarah J and Rayner, Keith},
title = {{Binocular coordination of the eyes during reading: Word frequency and case alternation affect fixation duration but not fixation disparity}},
journal = {The Quarterly Journal of Experimental Psychology},
year = {2006},
volume = {59},
number = {9},
pages = {1614--1625},
month = sep,
annote = {This is where my lexical frequency manipulation stimuli come from. Matched for length and (very low) predictability. This paper demonstrated a frequency effect in reading times.}
}

@article{FenkOczlon:1989uq,
author = {Fenk-Oczlon, Gertraud},
title = {{Word frequency and word order in freezes}},
journal = {Linguistics},
year = {1989},
volume = {27},
number = {3},
pages = {517--556}
}

@article{Kuperman:2012es,
author = {Kuperman, Victor and Bresnan, Joan},
title = {{The effects of construction probability on word durations during spontaneous incremental sentence production}},
journal = {Journal of Memory and Language},
year = {2012},
volume = {66},
number = {4},
pages = {588--611},
month = may
}

@article{Gahl:2012dz,
author = {Gahl, Susanne and Yao, Yao and Johnson, Keith},
title = {{Why reduce? Phonological neighborhood density and phonetic reduction in spontaneous speech}},
journal = {Journal of Memory and Language},
year = {2012},
volume = {66},
number = {4},
pages = {789--806},
month = may
}

@article{Lowder:2012cf,
author = {Lowder, Matthew W and Gordon, Peter C},
title = {{The pistol that injured the cowboy: Difficulty with inanimate subject{\^a}€``verb integration is reduced by structural separation}},
journal = {Journal of Memory and Language},
year = {2012},
volume = {66},
number = {4},
pages = {819--832},
month = may
}

@article{Roland:2012jb,
author = {Roland, Douglas and Mauner, Gail and O'Meara, Carolyn and Yun, Hongoak},
title = {{Discourse expectations and relative clause processing}},
journal = {Journal of Memory and Language},
year = {2012},
volume = {66},
number = {3},
pages = {479--508},
month = apr
}

@article{Bartholow:2001uo,
author = {Bartholow, B D and Fabiani, M and Gratton, G and Bettencourt, B A},
title = {{A psychophysiological examination of cognitive processing of and affective responses to social expectancy violations}},
journal = {Psychological Science},
year = {2001},
volume = {12},
number = {3},
pages = {197--204}
}

@article{Bresnan:2007ve,
author = {Bresnan, J},
title = {{Is syntactic knowledge probabilistic? Experiments with the English dative alternation}},
journal = {Roots: Linguistics in search of its evidential base},
year = {2007}
}

@article{Foucart:2012ga,
author = {Foucart, Alice and Frenck-Mestre, Cheryl},
title = {{Journal of Memory and Language}},
journal = {Journal of Memory and Language},
year = {2012},
volume = {66},
number = {1},
pages = {226--248},
month = jan
}

@article{White:2008gr,
author = {White, Sarah J},
title = {{Eye movement control during reading: Effects of word frequency and orthographic familiarity.}},
journal = {Journal of Experimental Psychology: Human Perception and Performance},
year = {2008},
volume = {34},
number = {1},
pages = {205--223}
}

@book{Langacker:1987wg,
author = {Langacker, Ronald W},
title = {{Foundations of Cognitive Grammar}},
publisher = {Stanford University Press},
year = {1987},
volume = {1},
series = {Theoretical Prerequisites}
}

@article{Theakston:2004ht,
author = {Theakston, Anna L},
title = {{The role of entrenchment in children's and adults' performance on grammaticality judgment tasks}},
journal = {Cognitive Development},
year = {2004},
volume = {19},
number = {1},
pages = {15--34},
month = jan
}

@article{Alishahi:2008kp,
author = {Alishahi, Afra and Stevenson, Suzanne},
title = {{A Computational Model of Early Argument Structure Acquisition}},
journal = {Cognitive Science: A Multidisciplinary Journal},
year = {2008},
volume = {32},
number = {5},
pages = {789--834},
month = jul
}

@article{Bolinger:1962wc,
author = {Bolinger, Dwight L},
title = {{Binomials and pitch accent}},
journal = {Lingua},
year = {1962},
volume = {11},
pages = {34--44}
}

@article{Gunter:1997uv,
author = {Gunter, TC and Stowe, LA and Mulder, G},
title = {{When syntax meets semantics}},
journal = {Psychophysiology},
year = {1997}
}

@techreport{Anonymous:QOmdbh3Z,
title = {{Microsoft Word - EMR000093b-Pearce.doc}},
year = {2011},
month = dec
}

@article{Gollan:2013fz,
author = {Gollan, Tamar H and Ferreira, Victor S and Cera, Cynthia and Flett, Susanna},
title = {{Translation-priming effects on tip-of-the-tongue states}},
journal = {Language and Cognitive Processes},
year = {2013},
pages = {1--22},
month = jan
}

@article{Yap:2013iu,
author = {Yap, Melvin J and Balota, David A and Tan, Sarah E},
title = {{Additive and interactive effects in semantic priming: Isolating lexical and decision processes in the lexical decision task.}},
journal = {Journal of Experimental Psychology: Learning, Memory, and Cognition},
year = {2013},
volume = {39},
number = {1},
pages = {140--158}
}

@article{Nunez:2012fa,
author = {N{\'u}{\~n}ez, Rafael and Cooperrider, Kensy and Doan, D and Wassmann, J{\"u}rg},
title = {{Contours of time: Topographic construals of past, present, and future in the Yupno valley of Papua New Guinea}},
journal = {Cognition},
year = {2012},
volume = {124},
number = {1},
pages = {25--35},
month = jul
}

@book{McNeill:2004wh,
author = {McNeill, David},
title = {{Hand and Mind}},
publisher = {University Of Chicago Press},
year = {2004},
series = {What Gestures Reveal about Thought},
month = jan
}

@article{Dahan:2001kh,
author = {Dahan, D and Magnuson, James S and Tanenhaus, M K},
title = {{Time Course of Frequency Effects in Spoken-Word Recognition: Evidence from Eye Movements}},
journal = {Cognitive Psychology},
year = {2001},
volume = {42},
number = {4},
pages = {317--367},
month = jun
}

@booklet{MacKay:1952wk,
title = {{The limiting information capacity of a neuronal link}},
author = {MacKay, D M and McCulloch, Warren Sturgis and King's College, London. Members and King's College, London. Department of Physics and King's College, London. Wheatstone Physics Laboratory},
year = {1952}
}

@article{Slattery:2009is,
author = {Slattery, Timothy J},
title = {{Word misperception, the neighbor frequency effect, and the role of sentence context: Evidence from eye movements.}},
journal = {Journal of Experimental Psychology: Human Perception and Performance},
year = {2009},
volume = {35},
number = {6},
pages = {1969--1975}
}

@article{Bermel:2012ub,
author = {Bermel, Neil and Knittl, Ludek},
title = {{Corpus frequency and acceptability judgments}},
year = {2012},
pages = {1--30},
month = oct
}

@article{Haviland:2005vz,
author = {Haviland, John B},
title = {{Documenting lexical knowledge}},
year = {2005},
pages = {1--34},
month = dec
}

@article{NadirWeibel:2012wv,
author = {Nadir Weibel, Adam Fouse Colleen Emmenegger Sara Kimmich and Edwin Hutchins},
title = {{Let's look at the Cockpit: Exploring Mobile Eye-Trackingor Observational Research on the Flight Deck}},
year = {2012},
pages = {1--8},
month = jan
}

@article{Haviland:2007vs,
author = {Haviland, J B},
title = {{10 Person reference in Tzotzil gossip: referring dupliciter}},
year = {2007}
}

@article{Iversen:2009iz,
author = {Iversen, John R and Repp, Bruno H and Patel, Aniruddh D},
title = {{Top-Down Control of Rhythm Perception Modulates Early Auditory Responses}},
journal = {Annals of the New York Academy of Sciences},
year = {2009},
volume = {1169},
number = {1},
pages = {58--73},
month = jul
}

@article{Teki:2012cw,
author = {Teki, Sundeep and Grube, Manon and Griffiths, Timothy D},
title = {{A Unified Model of Time Perception Accounts for Duration-Based and Beat-Based Timing Mechanisms}},
journal = {Frontiers in Integrative Neuroscience},
year = {2012},
volume = {5}
}

@article{WebExp:BI1RDiyO,
author = {Mayo, N and Corley, M and Keller, Frank},
title = {{WebExp}},
year = {2009}
}

@article{Rayner:2004cm,
author = {Rayner, Keith and Ashby, Jane and Pollatsek, Alexander and Reichle, Erik D},
title = {{The Effects of Frequency and Predictability on Eye Fixations in Reading: Implications for the E-Z Reader Model.}},
journal = {Journal of Experimental Psychology: Human Perception and Performance},
year = {2004},
volume = {30},
number = {4},
pages = {720--732}
}

@article{flexspr:cFpvxjkw,
author = {Tily, Hal},
title = {{flexspr}},
journal = {Personal communication},
year = {2012}
}

@book{WebTgramVersio:tv,
author = {Brants, Thorsten and Franz, Alex},
title = {{Web 1T 5-gram Version 1}},
publisher = {Linguistic Data Consortium},
year = {2006},
address = {Philadelphia}
}

@article{Slattery:2012hj,
author = {Slattery, Timothy J and Staub, Adrian and Rayner, Keith},
title = {{Saccade launch site as a predictor of fixation durations in reading: Comments on Hand, Miellet, O'Donnell, and Sereno (2010).}},
journal = {Journal of Experimental Psychology: Human Perception and Performance},
year = {2012},
volume = {38},
number = {1},
pages = {251--261}
}

@article{Hand:2010bn,
author = {Hand, Christopher J and Miellet, S{\'e}bastien and O'Donnell, Patrick J and Sereno, Sara C},
title = {{The frequency-predictability interaction in reading: It depends where you're coming from.}},
journal = {Journal of Experimental Psychology: Human Perception and Performance},
year = {2010},
volume = {36},
number = {5},
pages = {1294--1313}
}

@article{Lieberman:2007bl,
author = {Lieberman, Erez and Michel, Jean-Baptiste and Jackson, Joe and Tang, Tina and Nowak, Martin A},
title = {{Quantifying the evolutionary dynamics of language}},
journal = {Nature},
year = {2007},
volume = {449},
number = {7163},
pages = {713--716},
month = oct
}

@article{Gahl:is,
author = {Gahl, Susanne and Yu, Alan C L},
title = {{Introduction to the special issue on exemplar-based models in linguistics}},
journal = {The Linguistic Review},
year = {2006},
volume = {23},
number = {3},
pages = {213--216}
}

@techreport{Polinksy:2011vi,
author = {Polinksy, Maria and Clemens, Lauren Eby and Morgan, Adam Milton and Xiang, Ming and Heestand, Dustin},
title = {{Resumption in English}},
year = {2011},
month = oct
}

@incollection{Gris:2012ve,
author = {Gris, Stefan and Newman, John},
title = {{Creating and Using Corpora}},
year = {2012},
pages = {1--24},
month = may
}

@incollection{Snider:2013uq,
author = {Snider, Neal and Arnon, Inbal},
title = {{A unified lexicon and grammar? Compositional and non-compositional phrases in the lexicon
}},
booktitle = {Frequency effects in language
},
year = {2013},
editor = {Gries, S and Divjak, D},
pages = {1--41},
publisher = {Mouton De Gruyter}
}

@article{Hahne:1999wq,
author = {Hahne, A and Friederici, AD},
title = {{Electrophysiological evidence for two steps in syntactic analysis: Early automatic and late controlled processes}},
journal = {Journal of Cognitive Neuroscience},
year = {1999}
}

@techreport{Chen:1998vf,
author = {Chen, Stanley F and Goodman, Joshua},
title = {{An Empirical Study of Smoothing Techniques for Language Modeling}},
institution = {Harvard University},
year = {1998},
address = {Cambridge, MA},
month = aug
}

@article{Wright:2005tc,
author = {Wright, Saundra K and Hay, Jennifer and Bent, Tessa},
title = {{Ladies first? Phonology, frequency, and the naming conspiracy}},
journal = {Linguistics},
year = {2005},
volume = {43},
number = {3},
pages = {531--561}
}

@article{Kuperberg:2007fs,
author = {Kuperberg, Gina R},
title = {{Neural mechanisms of language comprehension: Challenges to syntax}},
journal = {Brain Research},
year = {2007},
volume = {1146},
pages = {23--49},
month = may
}

@article{Kolk:2007uz,
author = {Kolk, H and Chwilla, D},
title = {{Late positivities in unusual situations q}},
journal = {Brain and Language},
year = {2007}
}

@article{Bialek:1991ub,
author = {Bialek, W. and Rieke, F. and Van Steveninck, R.R.R. and Warland, D.},
title = {{Reading a neural code}},
journal = {Science},
year = {1991},
volume = {252},
number = {5014},
pages = {1854--1857}
}

@article{Schneidman:2006he,
author = {Schneidman, Elad and Berry, Michael J and Segev, Ronen and Bialek, William},
title = {{Weak pairwise correlations imply strongly correlated network states in a neural population}},
journal = {Nature},
year = {2006},
volume = {440},
number = {7087},
pages = {1007--1012},
month = apr
}

@article{Borst:1999uf,
author = {Borst, A. and Theunissen, F.E.},
title = {{Information theory and neural coding}},
journal = {Nature neuroscience},
year = {1999},
volume = {2},
pages = {947--958}
}

@article{Varshavskaya:2002vi,
author = {Varshavskaya, Paulina},
title = {{Behavior-based early language development on a humanoid robot}},
year = {2002}
}

@article{Johnson:2006ii,
author = {Johnson, Keith},
title = {{Resonance in an exemplar-based lexicon: The emergence of social identity and phonology}},
journal = {Journal of Phonetics},
year = {2006},
volume = {34},
number = {4},
pages = {485--499},
month = oct
}

@incollection{Jurafsky:2002tb,
author = {Jurafsky, Daniel},
title = {{Probabilistic Modeling in Psycholinguistics: Linguistic Comprehension and Production}},
booktitle = {Probabilistic Linguistics},
year = {2002},
editor = {Bod, Rens and Hay, Jennifer and Jannedy, Stefanie},
pages = {1--50},
publisher = {MIT Press}
}

@article{Malkiel:1959vs,
author = {Malkiel, Yakov},
title = {{Studies in irreversible binomials}},
journal = {Lingua},
year = {1959},
volume = {8},
pages = {113--160}
}

@article{Demberg:2008wr,
author = {Demberg, Vera and Keller, Frank},
title = {{A Psycholinguistically Motivated Version of TAG}},
journal = {Proceedings of the 9th International Workshop on Tree Adjoining Grammars and Related Formalisms (TAG+9 2008)},
year = {2008},
pages = {1--8},
month = jun
}

@article{Demberg:2009va,
author = {Demberg, Vera and Keller, Frank},
title = {{A computational model of prediction in human parsing: Unifying locality and surprisal effects}},
journal = {Proceedings of the 29th meeting of the Cognitive Science Society (CogSci-09)},
year = {2009}
}

@phdthesis{Demberg:2010tf,
author = {Demberg, Vera},
title = {{A Broad-Coverage Model of Prediction in Human Sentence Processing}},
school = {The University of Edinburgh},
year = {2010},
month = may
}

@article{VanHerten:2006wi,
author = {Van Herten, M. and Chwilla, D.J. and Kolk, H.H.J.},
title = {{When heuristics clash with parsing routines: ERP evidence for conflict monitoring in sentence perception}},
journal = {Journal of Cognitive Neuroscience},
year = {2006},
volume = {18},
number = {7},
pages = {1181--1197}
}

@article{JAKEL:2008jl,
author = {JAKEL, F and SCHOLKOPF, B and WICHMANN, F A},
title = {{Generalization and similarity in exemplar models of categorization: Insights from machine learning}},
journal = {Psychonomic Bulletin {\&} Review},
year = {2008},
volume = {15},
number = {2},
pages = {256--271},
month = apr
}

@article{Pearl:2011tp,
author = {Pearl, Lisa and Sprouse, Jon},
title = {{Syntactic islands and learning biases}},
journal = {Language and cognitive {\ldots}},
year = {2013},
volume = {20},
pages = {23--68}
}

@article{Hofmeister:2011vg,
author = {Hofmeister, Philip and Jaeger, T. Florian and Arnon, Inbal and Sag, Ivan A. and Snider, Neal},
title = {{The source ambiguity problem}},
journal = {Language and Cognitive Processes},
year = {2011},
month = mar
}

@article{Hofmeister:2010vu,
author = {Hofmeister, Philip and Sag, Ivan A.},
title = {{Cognitive Constraints and Island Effects}},
journal = {Language},
year = {2010},
volume = {86},
number = {2},
pages = {366--415},
month = feb
}

@incollection{Hofmeister:2011tm,
author = {Hofmeister, Philip and Casasanto, Laura Staum and Sag, Ivan A.},
title = {{Islands in the grammar? Standards of evidence}},
booktitle = {Experimental Syntax and the Islands Debate},
year = {2012},
editor = {Sprouse, Jon and Hornstein, Norbert},
publisher = {Cambridge University Press},
annote = {Extensive list of arguments against processing accounts of islands, and why these arguments don't hold up.}
}

@article{Sag:2007tu,
author = {Sag, I.A. and Hofmeister, P. and Snider, N.},
title = {{Processing complexity in subjacency violations}},
journal = {Proceedings from the Annual Meeting of the Chicago Linguistic Society},
year = {2007},
volume = {43},
number = {1},
pages = {215--229},
annote = {Has a really useful catalog of various factors that influence acceptability (length of dependency, semantic complexity of intervening elements, informativity of filler, frequency, similarity, finiteness, context) with references

Attempts to show that CNPC need not be a syntactic constraint by arguing that it can be entirely accounted for by processing factors. Don't find this argument particularly convincing as it has no clear standards for what would make the constraint _fully accounted_ for by processing constraints as opposed to just showing that those affect its acceptability on top of a baseline grammatical constraint
}
}

@article{Repp:2005tb,
author = {Repp, Bruno H},
title = {{Sensorimotor synchronization: A review of the tapping literature}},
journal = {Psychonomic Bulletin {\&} Review},
year = {2005},
volume = {12},
number = {6},
pages = {969--992}
}

@inproceedings{Determinantsofscan:2012wf,
author = {von der Malsburg, Titus and Kliegl, Reinhold and Vasishth, Shravan},
title = {{Determinants of scanpath regularity in reading}},
booktitle = {25th Annual CUNY Conference on Human Sentence Processing},
year = {2012},
pages = {1--1},
address = {New York},
month = mar
}

@article{Toplak:2006iz,
author = {Toplak, Maggie E and Dockstader, Colleen and Tannock, Rosemary},
title = {{Temporal information processing in ADHD: Findings to date and new methods}},
journal = {Journal of Neuroscience Methods},
year = {2006},
volume = {151},
number = {1},
pages = {15--29},
month = feb
}

@article{Omaki:2011kp,
author = {Omaki, A. and Schulz, B.},
title = {{Filler-‐gap dependencies and island constraints in second language sentence processing}},
journal = {Studies in Second Language Acquisition},
year = {2011},
volume = {33},
number = {04},
pages = {563--588}
}

@article{Anderson:1991uy,
author = {Anderson, John R},
title = {{The adaptive nature of human categorization.}},
journal = {Psychological Review},
year = {1991},
volume = {98},
number = {3},
pages = {409}
}

@article{Konieczny:2000up,
author = {Konieczny, L.},
title = {{Locality and parsing complexity}},
journal = {Journal of Psycholinguistic Research},
year = {2000},
volume = {29},
number = {6},
pages = {627--645}
}

@article{Joshi:1997vx,
author = {Joshi, A K and Schabes, Y},
title = {{Tree-adjoining grammars}},
journal = {Handbook of formal languages},
year = {1997}
}

@inproceedings{Onnis:2002ut,
author = {Onnis, Luca and Roberts, Matthew and Chater, Nick},
title = {{Simplicity: A cure for overgeneralizations in language acquisition?}},
booktitle = {Preceedings of the 24th annual conference of the Cognitive Science Society},
year = {2002},
editor = {Gray, W D and Schunn, C},
pages = {720--725}
}

@article{Ferreira:2007fl,
author = {Ferreira, Fernanda and Patson, Nikole D},
title = {{The ?Good Enough? Approach to Language Comprehension}},
journal = {Language and Linguistics Compass},
year = {2007},
volume = {1},
number = {1-2},
pages = {71--83},
month = mar
}

@article{Christianson:2006dn,
author = {Christianson, Kiel and Williams, Carrick C and Zacks, Rose T and Ferreira, Fernanda},
title = {{Younger and Older Adults' "Good-Enough" Interpretations of Garden-Path Sentences}},
journal = {Discourse Processes},
year = {2006},
volume = {42},
number = {2},
pages = {205--238},
month = sep
}

@article{Jaeger:2013gx,
author = {Jaeger, T. Florian and Snider, Neal E},
title = {{Alignment as a consequence of expectation adaptation: Syntactic priming is affected by the prime{\^a}€{\texttrademark}s prediction error given both prior and recent experience}},
journal = {Cognition},
year = {2013},
volume = {127},
number = {1},
pages = {57--83},
month = apr
}

@article{Christianson:2001ff,
author = {Christianson, K},
title = {{Thematic Roles Assigned along the Garden Path Linger}},
journal = {Cognitive Psychology},
year = {2001},
volume = {42},
number = {4},
pages = {368--407},
month = jun
}

@inproceedings{Onhallucinatedgard:2010tg,
author = {Levy, Roger},
title = {{On hallucinated garden paths}},
booktitle = {Linguistic Society of America Annual Meeting},
year = {2010},
pages = {1--22},
month = jan
}

@article{Levy:2011tn,
author = {Levy, Roger},
title = {{Probabilistic linguistic expectations, uncertain input, and implications for eye movements in reading}},
journal = {心理与行为研究},
year = {2011},
volume = {9},
number = {1},
pages = {53--64},
month = mar
}

@article{Gamarnik:1999cx,
author = {Gamarnik, David},
title = {{Extension of the PAC framework to finite and countable Markov chains}},
year = {1999},
pages = {308--317}
}

@booklet{Cowart:1997to,
title = {{Experimental syntax}},
author = {Cowart, W},
howpublished = {Sage Publications, Inc},
address = {London},
year = {1997}
}

@article{Pellegrino:vu,
author = {Pellegrino, F and Coup{\'e}, C},
title = {{A cross-language perspective on speech information rate}},
journal = {ddl.ish-lyon.cnrs.fr}
}

@article{Hale:2003th,
author = {Hale, J.},
title = {{The information conveyed by words in sentences}},
journal = {Journal of Psycholinguistic Research},
year = {2003},
volume = {32},
number = {2},
pages = {101--123}
}

@article{Sprouse:2008wn,
author = {Sprouse, J.},
title = {{The differential sensitivity of acceptability judgments to processing effects}},
journal = {Linguistic Inquiry},
year = {2008},
volume = {39},
number = {4},
pages = {686--694},
annote = {Attempts to demonstrate that judgments are differentially effected by different types of processing difficulty. Unconvincing b/c they don't present any data for what sort of processing difficulty their stimuli actually engender--they just make assumptions based on the Active Filler Hypothesis}
}

@inproceedings{UniformInformation:2007wz,
author = {Temperley, David},
title = {{Uniform Information Density in Music}},
booktitle = {SMPC},
year = {2007},
pages = {1--18},
address = {Montreal},
month = aug
}

@incollection{Tremblay:2010vd,
author = {Tremblay, Antoine and Baayen, R Harald},
title = {{Holistic processing of regular four-word sequences: A behavioral and ERP study of the effects of structure, frequency, and probability on immediate free recall}},
booktitle = {Perspectives on Formulaic Language: Acquisition and Communication
},
year = {2010},
editor = {Wood, David},
pages = {151--173},
publisher = {Continuum},
address = {New York}
}

@article{Baayen:2011wj,
author = {Baayen, R Harald},
title = {{Corpus linguistics and naive discriminative learning}},
journal = {Revista Brasileira de Lingu{\'\i}stica Aplicada},
year = {2011},
volume = {11},
number = {2},
pages = {295--328}
}

@article{Piantadosi:2012cu,
author = {Piantadosi, Steven T and Tenenbaum, Joshua B. and Goodman, Noah D},
title = {{Bootstrapping in a language of thought: A formal model of numerical concept learning}},
journal = {Cognition},
year = {2012},
volume = {123},
number = {2},
pages = {199--217},
month = may
}

@article{Pyers:2009ed,
author = {Pyers, Jennie E and Gollan, Tamar H and Emmorey, Karen},
title = {{Bimodal bilinguals reveal the source of tip-of-the-tongue states}},
journal = {Cognition},
year = {2009},
volume = {112},
number = {2},
pages = {323--329},
month = aug
}

@article{Gagliardi:2012ul,
author = {Gagliardi, Annie and Bennet, Erin and Lidz, Jeffrey and Feldman, Naomi H},
title = {{Children's Inferences in Generalizing Novel Nouns and Adjectives}},
journal = {Proceedings of the 34th Annual Conference of the Cognitive Science Society},
year = {2012},
pages = {1--6},
month = apr
}

@incollection{Arbib:2013wf,
author = {Arbib, Michael A},
title = {{Five Terms in Search of a Synthesis}},
year = {2013},
pages = {1--42},
month = jan
}

@article{Thornhill:2012en,
author = {Thornhill, Dianne E and Van Petten, Cyma},
title = {{Lexical versus conceptual anticipation during sentence processing: Frontal positivity and N400 ERP components}},
journal = {International Journal of Psychophysiology},
year = {2012},
volume = {83},
number = {3},
pages = {382--392},
month = mar
}

@incollection{Baayen:2009wc,
author = {Baayen, R Harald},
title = {{Corpus linguistics in morphology: morphological productivity}},
booktitle = {Corpus Linguistics. An international handbook},
year = {2009},
editor = {Luedeling, A and Kyto, M},
pages = {900--919},
publisher = {Mouton De Gruyter},
address = {Berlin}
}

@techreport{Leslie:2013up,
author = {Leslie, Grace},
title = {{Measuring Musical Engagement Through Expressive Movement and EEG Brain Dynamics}},
year = {2013},
month = may
}

@article{Leslie:2013wp,
author = {Leslie, Grace and Ojeda, Alejandro and Makeig, Scott},
title = {{Towards an Affective Brain-Computer Interface for Monitoring Musical Engagement}},
year = {2013},
pages = {1--5},
month = apr
}

@article{Janata:2012kf,
author = {Janata, Petr and Tomic, Stefan T and Haberman, Jason M},
title = {{Sensorimotor coupling in music and the psychology of the groove.}},
journal = {Journal of Experimental Psychology: General},
year = {2012},
volume = {141},
number = {1},
pages = {54--75}
}

@article{Fairhurst:2012gg,
author = {Fairhurst, M T and Janata, P and Keller, P E},
title = {{Being and Feeling in Sync with an Adaptive Virtual Partner: Brain Mechanisms Underlying Dynamic Cooperativity}},
journal = {Cerebral Cortex},
year = {2012},
month = aug
}

@book{Anderson:1990vl,
author = {Anderson, John R},
title = {{The Adaptive Character of Thought}},
publisher = {Psychology Press},
year = {1990},
address = {Hillsdale, NJ}
}

@article{Elman:1990wt,
author = {Elman, J L},
title = {{Finding structure in time}},
journal = {Cognitive Science},
year = {2003},
pages = {1--33},
month = nov
}

@article{Johnson:1997tf,
author = {Johnson, Keith},
title = {{The auditory/perceptual basis for speech segmentation}},
journal = {OSU Working Papers in Linguistics},
year = {1997},
volume = {50},
pages = {101--113}
}

@article{Prince:1990wt,
author = {Prince, Ellen F},
title = {{Syntax and discourse: A look at resumptive pronouns}},
journal = {Proceedings of the Annual Meeting of the Berkeley Linguistics Society},
year = {1990},
volume = {16}
}

@incollection{Ferreira:2005wh,
author = {Ferreira, Fernanda and Swets, Benjamin},
title = {{The production and comprehension of resumptive pronouns in relative clause" island" contexts}},
booktitle = {Twenty-first century psycholinguistics: Four cornerstones},
year = {2005},
editor = {Cutler, Anne},
pages = {263--278},
publisher = {Lawrence Erlbaum Associates, Inc.}
}

@incollection{Anonymous:BuKwLEIk,
title = {{Chapter 1}},
booktitle = {Experimental syntax},
year = {1997},
publisher = {Sage Publications, Inc},
address = {London}
}

@article{Alexopoulou:2007wo,
author = {Alexopoulou, T. and Keller, F.},
title = {{Locality, cyclicity, and resumption: At the interface between the grammar and the human sentence processor}},
journal = {Language},
year = {2007},
volume = {83},
number = {1},
pages = {110--160},
month = mar
}

@article{Greenbaum:1977vo,
author = {Greenbaum, S.},
title = {{Judgments of syntactic acceptability and frequency}},
journal = {Studia Linguistica},
year = {1977},
volume = {31},
number = {2},
pages = {83--105}
}

@article{BADER:2009jx,
author = {BADER, MARKUS and H{\"A}USSLER, JANA},
title = {{Toward a model of grammaticality judgments}},
journal = {Journal of Linguistics},
year = {2009},
volume = {46},
number = {02},
pages = {273--330},
month = nov
}

@article{London:2011vi,
author = {London, Shalom Lappin King's College},
title = {{Towards a Stochastic Model of Linguistic Competence}},
year = {2011},
pages = {1--113},
month = jan
}

@article{Nieuwland:2008wt,
author = {Nieuwland, MS},
title = {{When the truth is not too hard to handle}},
journal = {Psychological Science},
year = {2008}
}

@article{Hagoort:2004em,
author = {Hagoort, P},
title = {{Integration of Word Meaning and World Knowledge in Language Comprehension}},
journal = {Science},
year = {2004},
volume = {304},
number = {5669},
pages = {438--441},
month = apr
}

@book{Sprouse:2007vl,
author = {Sprouse, Jon and {University of Maryland, College Park. Linguistics}},
title = {{A program for experimental syntax: Finding the relationship between acceptability and grammatical knowledge}},
publisher = {ProQuest},
year = {2007}
}

@inproceedings{Adjunctislandsand:2012ti,
author = {Michel, Dan and Goodall, Grant},
title = {{Adjunct islands and the finiteness effect}},
booktitle = {25th Annual CUNY Conference on Human Sentence Processing},
year = {2012},
address = {New York},
month = mar
}

@booklet{Cherry:1953vi,
title = {{Toward the Logical Description of Languages in Their Phonemic Aspect}},
author = {Cherry, E Colin and Halle, Morris and Jakobson, Roman},
year = {1953}
}

@incollection{Hofmeister:2007tu,
author = {Hofmeister, P. and Jaeger, T.F. and Sag, I.A. and Arnon, I. and Snider, N.},
title = {{Locality and accessibility in wh-questions}},
booktitle = {Roots: Linguistics in search of its evidential base},
year = {2007},
editor = {Featherston, Sam and Sternefeld, Wolfgang},
pages = {185--206},
publisher = {Mouton De Gruyter},
address = {New York}
}

@article{Rayner:1996vb,
author = {Rayner, Keith and Well, Arnold D},
title = {{Effects of contextual constraint oneye movements in reading: A further examination}},
journal = {Psychonomic Bulletin {\&} Review},
year = {1996},
volume = {3},
number = {4},
pages = {504--509}
}

@article{PayzanLeNestour:2011bh,
author = {Payzan-LeNestour, Elise and Bossaerts, Peter},
title = {{Risk, Unexpected Uncertainty, and Estimation Uncertainty: Bayesian Learning in Unstable Settings}},
journal = {PLoS Computational Biology},
year = {2011},
volume = {7},
number = {1},
pages = {e1001048},
month = jan
}

@article{Sprouse:2010uo,
author = {Sprouse, J. and Wagers, M. and Phillips, C.},
title = {{A test of the relation between working memory capacity and syntactic island effects}},
journal = {Ms., University of California at Irvine, University of California at Santa Cruz, and University of Maryland, College Park},
year = {2010}
}

@article{Li:2011bf,
author = {Li, Xingshan and Pollatsek, Alexander},
title = {{Word knowledge influences character perception}},
journal = {Psychonomic Bulletin {\&} Review},
year = {2011},
volume = {18},
number = {5},
pages = {833--839},
month = jun
}

@article{Manin:2008gt,
author = {Manin, Dmitrii},
title = {{Zipf's Law and Avoidance of Excessive Synonymy}},
journal = {Cognitive Science: A Multidisciplinary Journal},
year = {2008},
volume = {32},
number = {7},
pages = {1075--1098},
month = oct
}

@article{Sprouse:2011wq,
author = {Sprouse, J. and Sch{\"u}tze, C.T. and Almeida, D.},
title = {{Assessing the reliability of journal data in syntax: Linguistic Inquiry 2001-2010}}
}

@article{Nobre:1994wl,
author = {Nobre, AC and Allison, T},
title = {{Word recognition in the human inferior temporal lobe}},
journal = {Nature},
year = {1994}
}

@article{FerreriCancho:2003vu,
author = {Ferrer i Cancho, Ramon and Sol{\'e}, R V},
title = {{Least effort and the origins of scaling in human language}},
journal = {Proceedings of the national academy of sciences of the united states of america},
year = {2003},
volume = {100},
number = {3},
pages = {788}
}

@article{Erickson:1981wv,
author = {Erickson, Thomas D and Mattson, Mark E},
title = {{From words to meaning: A semantic illusion}},
journal = {Journal of Verbal Learning and Verbal Behavior},
year = {1981},
volume = {20},
number = {5},
pages = {540--551}
}

@article{Elman:1991ue,
author = {Elman, J L},
title = {{Distributed representations, simple recurrent networks, and grammatical structure}},
journal = {Machine learning},
year = {1991}
}

@article{Gregory:1999vs,
author = {Gregory, Michelle L and Raymond, William D and Bell, Alan and Fosler-Lussier, Eric and Jurafsky, Daniel},
title = {{The effects of collocational strength and contextual predictability in lexical production}},
journal = {Chicago Linguistic Society},
year = {1999},
volume = {35},
pages = {151--166}
}

@article{Tily:2010hd,
author = {Tily, Harry and Fedorenko, Evelina and Gibson, Edward},
title = {{The time-course of lexical and structural processes in sentence comprehension}},
journal = {The Quarterly Journal of Experimental Psychology},
year = {2010},
volume = {63},
number = {5},
pages = {910--927},
month = may
}

@article{Bicknell:2009tx,
author = {Bicknell, Klinton and Levy, Roger},
title = {{A model of local coherence effects in human sentence processing as consequences of updates from bottom-up prior to posterior beliefs}},
journal = {Proceedings of Human Language Technologies: The 2009 Annual Conference of the North American Chapter of the Association for Computational Linguistics},
year = {2009},
pages = {665--673}
}

@booklet{Weaver:1949ud,
title = {{Recent Contributions to the Mathematical Theory of Communication}},
author = {Weaver, Warren},
year = {1949}
}

@article{Cancho:2006ig,
author = {Cancho, Ramon Ferrer i},
title = {{When language breaks into pieces A conflict between communication through isolated signals and language}},
journal = {Biosystems},
year = {2006},
volume = {84},
number = {3},
pages = {242--253},
month = jun
}

@article{VanDuynslaeger:2007gs,
author = {Van Duynslaeger, M and Van Overwalle, F and Verstraeten, E},
title = {{Electrophysiological time course and brain areas of spontaneous and intentional trait inferences}},
journal = {Social Cognitive and Affective Neuroscience},
year = {2007},
volume = {2},
number = {3},
pages = {174--188},
month = may
}

@article{Kaan:2003ve,
author = {Kaan, E and Swaab, T Y},
title = {{Repair, revision, and complexity in syntactic analysis: An electrophysiological differentiation}},
journal = {Journal of Cognitive Neuroscience},
year = {2003},
volume = {15},
number = {1},
pages = {98--110}
}

@article{Levy:2008ut,
author = {Levy, R.},
title = {{A noisy-channel model of rational human sentence comprehension under uncertain input}},
journal = {Proceedings of the Conference on Empirical Methods in Natural Language Processing},
year = {2008},
pages = {234--243}
}

@article{Friederici:2002vx,
author = {Friederici, A.D. and Hahne, A and Saddy, D},
title = {{Distinct neurophysiological patterns reflecting aspects of syntactic complexity and syntactic repair}},
journal = {Journal of Psycholinguistic Research},
year = {2002},
volume = {31},
number = {1},
pages = {45--63}
}

@article{ODonnell:2011vh,
author = {O Donnell, Timothy and Snedeker, Jesse and Tenenbaum, Joshua B. and Goodman, Noah},
title = {{Productivity and Reuse in Language}},
journal = {Proceedings of the 33rd Annual Conference of the Cognitive Science Society},
year = {2011},
pages = {1613--1618},
month = jul
}

@article{vonderMalsburg:2011ji,
author = {von der Malsburg, Titus and Vasishth, Shravan},
title = {{What is the scanpath signature of syntactic reanalysis?}},
journal = {Journal of Memory and Language},
year = {2011},
volume = {65},
number = {2},
pages = {109--127},
month = aug
}

@article{Kennedy:2008jj,
author = {Kennedy, Alan and Pynte, Jo{\"e}l},
title = {{The consequences of violations to reading order: An eye movement analysis}},
journal = {Vision Research},
year = {2008},
volume = {48},
number = {21},
pages = {2309--2320},
month = sep
}

@article{Rayner:2009fy,
author = {Rayner, Keith and Pollatsek, Alexander and Liversedge, Simon P and Reichle, Erik D},
title = {{Eye movements and non-canonical reading: Comments on Kennedy and Pynte (2008)}},
journal = {Vision Research},
year = {2009},
volume = {49},
number = {17},
pages = {2232--2236},
month = aug
}

@article{Kennedy:2009ja,
author = {Kennedy, Alan and Pynte, Jo{\"e}l},
title = {{Non-canonical reading: Reply to Rayner, Pollatsek, Liversedge and Reichle (2008)}},
journal = {Vision Research},
year = {2009},
volume = {49},
number = {14},
pages = {1916--1918},
month = jul
}

@article{Piantadosi:2012cw,
author = {Piantadosi, Steven T and Tily, Harry and Gibson, Edward},
title = {{The communicative function of ambiguity in language}},
journal = {Cognition},
year = {2012},
volume = {122},
number = {3},
pages = {280--291},
month = mar
}

@article{Garnsey:1997vo,
author = {Garnsey, S.M. and Pearlmutter, N.J. and Myers, E. and Lotocky, M.A.},
title = {{The contributions of verb bias and plausibility to the comprehension of temporarily ambiguous sentences}},
journal = {Journal of Memory and Language},
year = {1997},
volume = {37},
pages = {58--93}
}

@article{Kaan:2007jz,
author = {Kaan, Edith},
title = {{Event-Related Potentials and Language Processing: A Brief Overview}},
journal = {Language and Linguistics Compass},
year = {2007},
volume = {1},
number = {6},
pages = {571--591},
month = nov
}

@article{Rohrmeier:2012cp,
author = {Rohrmeier, Martin A and Koelsch, Stefan},
title = {{Predictive information processing in music cognition. A critical review}},
journal = {International Journal of Psychophysiology},
year = {2012},
volume = {83},
number = {2},
pages = {164--175},
month = feb
}

@article{Tillmann:2012ii,
author = {Tillmann, Barbara},
title = {{Music and Language Perception: Expectations, Structural Integration, and Cognitive Sequencing}},
journal = {Topics in Cognitive Science},
year = {2012},
pages = {no--no},
month = jul
}

@book{Reiter:2010gl,
author = {Reiter, Ehud and Williams, Sandra},
editor = {Argamon, Shlomo and Burns, Kevin and Dubnov, Shlomo},
title = {{The Structure of Style}},
publisher = {Springer Berlin Heidelberg},
year = {2010},
address = {Berlin, Heidelberg},
month = may
}

@book{Argamon:2010cn,
author = {Argamon, Shlomo and Koppel, Moshe},
editor = {Argamon, Shlomo and Burns, Kevin and Dubnov, Shlomo},
title = {{The Structure of Style}},
publisher = {Springer Berlin Heidelberg},
year = {2010},
address = {Berlin, Heidelberg},
month = may
}

@webpage{Peterson:2004vp,
author = {Peterson, Ivars},
title = {{A Measure of Beauty}},
year = {2004},
month = may,
url = {http://musicweb.ucsd.edu/~sdubnov/Mus207/Papers/Peterson%20Science%20News.pdf}
}

@book{Stiny:2010by,
author = {Stiny, George},
editor = {Argamon, Shlomo and Burns, Kevin and Dubnov, Shlomo},
title = {{The Structure of Style}},
publisher = {Springer Berlin Heidelberg},
year = {2010},
address = {Berlin, Heidelberg},
month = may
}

@book{Burns:2010gx,
author = {Burns, Kevin and Maybury, Mark},
editor = {Argamon, Shlomo and Burns, Kevin and Dubnov, Shlomo},
title = {{The Structure of Style}},
publisher = {Springer Berlin Heidelberg},
year = {2010},
address = {Berlin, Heidelberg},
month = may
}

@book{Brown:2010hq,
author = {Brown, Sheldon},
editor = {Argamon, Shlomo and Burns, Kevin and Dubnov, Shlomo},
title = {{The Structure of Style}},
publisher = {Springer Berlin Heidelberg},
year = {2010},
address = {Berlin, Heidelberg},
month = may
}

@book{Jupp:2010jk,
author = {Jupp, Julie and Gero, John},
editor = {Argamon, Shlomo and Burns, Kevin and Dubnov, Shlomo},
title = {{The Structure of Style}},
publisher = {Springer Berlin Heidelberg},
year = {2010},
address = {Berlin, Heidelberg},
month = may
}

@book{Goguen:2010ev,
author = {Goguen, Joseph A and Harrell, D Fox},
editor = {Argamon, Shlomo and Burns, Kevin and Dubnov, Shlomo},
title = {{The Structure of Style}},
publisher = {Springer Berlin Heidelberg},
year = {2010},
address = {Berlin, Heidelberg},
month = may
}

@book{Karlgren:2010jv,
author = {Karlgren, Jussi},
editor = {Argamon, Shlomo and Burns, Kevin and Dubnov, Shlomo},
title = {{The Structure of Style}},
publisher = {Springer Berlin Heidelberg},
year = {2010},
address = {Berlin, Heidelberg},
month = may
}

@book{Cohen:2010iu,
author = {Cohen, Harold},
editor = {Argamon, Shlomo and Burns, Kevin and Dubnov, Shlomo},
title = {{The Structure of Style}},
publisher = {Springer Berlin Heidelberg},
year = {2010},
address = {Berlin, Heidelberg},
month = may
}

@book{Burns:2010fj,
author = {Burns, Kevin},
editor = {Argamon, Shlomo and Burns, Kevin and Dubnov, Shlomo},
title = {{The Structure of Style}},
publisher = {Springer Berlin Heidelberg},
year = {2010},
address = {Berlin, Heidelberg},
month = may
}

@book{Assayag:2010dx,
author = {Assayag, Gerard and Bloch, George and Cont, Arshia and Dubnov, Shlomo},
editor = {Argamon, Shlomo and Burns, Kevin and Dubnov, Shlomo},
title = {{The Structure of Style}},
publisher = {Springer Berlin Heidelberg},
year = {2010},
address = {Berlin, Heidelberg},
month = may
}

@book{Dannenberg:2010hs,
author = {Dannenberg, Roger B},
editor = {Argamon, Shlomo and Burns, Kevin and Dubnov, Shlomo},
title = {{The Structure of Style}},
publisher = {Springer Berlin Heidelberg},
year = {2010},
address = {Berlin, Heidelberg},
month = may
}

@article{Kutas:2011fk,
author = {Kutas, Marta and Federmeier, Kara D},
title = {{Thirty Years and Counting: Finding Meaning in the N400 Component of the Event-Related Brain Potential (ERP)}},
journal = {Annual Review of Psychology},
year = {2011},
volume = {62},
number = {1},
pages = {621--647},
month = jan
}

@article{Rozin:2006ek,
author = {Rozin, Paul and Rozin, Alexander and Appel, Brian and Wachtel, Charles},
title = {{Documenting and explaining the common AAB pattern in music and humor: Establishing and breaking expectations.}},
journal = {Emotion},
year = {2006},
volume = {6},
number = {3},
pages = {349--355}
}

@article{Levy:2009wp,
author = {Levy, R. and Bicknell, K. and Slattery, T. and Rayner, K.},
title = {{Eye movement evidence that readers maintain and act on uncertainty about past linguistic input}},
journal = {Proceedings of the National Academy of Sciences},
year = {2009},
volume = {106},
number = {50},
pages = {21086--21090}
}

@article{Anonymous:ac5gWBiV,
title = {{A Generative Model for Rhythms}},
year = {2007},
pages = {1--11},
month = dec
}

@webpage{Huron:1999ub,
author = {Huron, David},
title = {{The New Empiricism: Systematic Musicology in a Postmodern Age}},
year = {1999},
url = {http://www.musiccog.ohio‐state.edu/Music220/Blochlectures/3.Methodology.html}
}

@article{Ariza:2009wk,
author = {Ariza, C},
title = {{The interrogator as critic: The turing test and the evaluation of generative music systems}},
journal = {Computer Music Journal},
year = {2009},
volume = {33},
number = {2},
pages = {48--70}
}

@article{Rayner:2011ce,
author = {Rayner, Keith and Slattery, Timothy J and Drieghe, Denis and Liversedge, Simon P},
title = {{Eye movements and word skipping during reading: Effects of word length and predictability.}},
journal = {Journal of Experimental Psychology: Human Perception and Performance},
year = {2011},
volume = {37},
number = {2},
pages = {514--528}
}

@article{Hostetter:2010gx,
author = {Hostetter, Autumn B and Alibali, Martha W},
title = {{Language, gesture, action! A test of the Gesture as Simulated Action framework}},
journal = {Journal of Memory and Language},
year = {2010},
volume = {63},
number = {2},
pages = {245--257},
month = aug
}

@article{Lemhofer:2008js,
author = {Lemh{\"o}fer, Kristin and Spalek, Katharina and Schriefers, Herbert},
title = {{Cross-language effects of grammatical gender in bilingual word recognition and production}},
journal = {Journal of Memory and Language},
year = {2008},
volume = {59},
number = {3},
pages = {312--330},
month = oct
}

@article{Glushko:1979wy,
author = {Glushko, Robert J},
title = {{The organization and activation of orthographic knowledge in reading aloud.}},
journal = {Journal of Experimental Psychology: Human Perception and Performance},
year = {1979},
volume = {5},
number = {4},
pages = {674}
}

@article{Dambacher:2006cy,
author = {Dambacher, Michael and Kliegl, Reinhold and Hofmann, Markus and Jacobs, Arthur M},
title = {{Frequency and predictability effects on event-related potentials during reading}},
journal = {Brain Research},
year = {2006},
volume = {1084},
number = {1},
pages = {89--103},
month = apr
}

@article{Cauchard:2011kh,
author = {Cauchard, Fabrice and Cane, James E and Weger, Ulrich W},
title = {{Influence of Background Speech and Music in Interrupted Reading: An Eye-Tracking Study}},
journal = {Applied Cognitive Psychology},
year = {2011},
volume = {26},
number = {3},
pages = {381--390},
month = oct
}

@article{Patel:2009gv,
author = {Patel, Aniruddh D and Iversen, John R and Bregman, Micah R and Schulz, Irena},
title = {{Experimental Evidence for Synchronization to a Musical Beat in a Nonhuman Animal}},
journal = {Current Biology},
year = {2009},
pages = {1--4},
month = apr
}

@article{Schachner:2009ho,
author = {Schachner, Adena and Brady, Timothy F and Pepperberg, Irene M and Hauser, Marc D},
title = {{Spontaneous Motor Entrainment to Music in Multiple Vocal Mimicking Species}},
journal = {Current Biology},
year = {2009},
volume = {19},
number = {10},
pages = {831--836},
month = may
}

@article{Smith:2013tb,
author = {Smith, Nathaniel J and Levy, Roger},
title = {{The effect of word predictability on reading time is logarithmic
}},
year = {2013},
pages = {1--49},
month = feb
}

@article{Culbertson:2012bg,
author = {Culbertson, Jennifer and Smolensky, Paul},
title = {{A Bayesian Model of Biases in Artificial Language Learning: The Case of a Word-Order Universal}},
journal = {Cognitive Science},
year = {2012},
volume = {36},
number = {8},
pages = {1468--1498},
month = sep
}

@article{Fogliata:2007kx,
author = {Fogliata, A and Rizzo, S and Reati, F and Miniussi, C and Oliveri, M and Papagno, C},
title = {{The time course of idiom processing}},
journal = {Neuropsychologia},
year = {2007},
volume = {45},
number = {14},
pages = {3215--3222},
month = jan,
annote = {At 80ms, TMS to either central or prefrontal cortext disrupts idiom processing. At 120ms, only TMS to prefront cortext is disruptive. Conclusion: PFC is inhibiting literal meaning.}
}

@article{SPRENGER:2006bp,
author = {SPRENGER, S and LEVELT, W and KEMPEN, G},
title = {{Lexical access during the production of idiomatic phrases}},
journal = {Journal of Memory and Language},
year = {2006},
volume = {54},
number = {2},
pages = {161--184},
month = feb,
annote = {Supports Cutting and Bock's (1997) hybrid model of idioms: use of idioms activates lemma nodes for both the whole idiom and the individual words. See also Cacciari and Tabossi's (1988) model. In particular, introduces a notion of "superlemma" for idioms that includes detailed syntactic information.}
}

@article{Cutting:1997tc,
author = {Cutting, J C and Bock, Kathryn},
title = {{That's the way the cookie bounces: Syntactic and semantic components of experimentally elicited idiom blends}},
journal = {Memory {\&} Cognition},
year = {1997},
volume = {25},
number = {1},
pages = {57--71}
}

@article{Cacciari:1988vv,
author = {Cacciari, Cristina and Tabossi, Patrizia},
title = {{The Comprehension of Idioms}},
journal = {Journal of Memory and Language},
year = {1988},
volume = {27},
pages = {668--683}
}

@article{Nunberg:1994uc,
author = {Nunberg, Geoffrey and Sag, Ivan A. and Wasow, Thomas},
title = {{Idioms}},
journal = {Language},
year = {1994},
volume = {70},
number = {3},
pages = {491--538}
}

@inproceedings{Jolsvai:2013vn,
author = {Jolsvai, Hajnal and McCauley, Stewart M and Christiansen, M H},
title = {{Meaning Overrides Frequencyin Idiomatic and Compositional Multiword Chunks}},
booktitle = {Proceedings of the 35th Annual Conference of the Cognitive Science Society},
year = {2013},
pages = {1--6},
organization = {Cognitive Science Society},
address = {Austin, TX},
month = apr
}

@article{Baayen:1997uu,
author = {Baayen, R Harald and Dijkstra, Ton and Schreuder, Robert},
title = {{Singulars and plurals in Dutch: Evidence for a parallel dual-route model}},
journal = {Journal of Memory and Language},
year = {1997},
volume = {37},
number = {1},
pages = {94--117}
}

@article{Zatorre:2013bs,
author = {Zatorre, R J and Salimpoor, V N},
title = {{From perception to pleasure: Music and its neural substrates}},
journal = {Proceedings of the National Academy of Sciences},
year = {2013},
volume = {110},
number = {Supplement_2},
pages = {10430--10437},
month = jun
}

@article{Eberhard:1995ws,
author = {Eberhard, K M and Spivey-Knowlton, M J and Sedivy, J C},
title = {{Eye movements as a window into real-time spoken language comprehension in natural contexts}},
journal = {Journal of Psycholinguistic Research},
year = {1995},
volume = {24},
number = {6},
pages = {409--436}
}

@article{Mukherjee:2010bz,
author = {Mukherjee, Animesh and Choudhury, Monojit and Basu, Anupam and Ganguly, Niloy},
title = {{Modelling the Redundancy of Human Speech Sound Inventories: An Information Theoretic Approach}},
journal = {Journal of Quantitative Linguistics},
year = {2010},
volume = {17},
number = {4},
pages = {317--343},
month = nov
}

@article{Brown:1987wk,
author = {Brown, Gordon DA and Watson, Frances L},
title = {{First in, first out: Word learning age and spoken word frequency as predictors of word familiarity and word naming latency}},
journal = {Memory {\&} Cognition},
year = {1987},
volume = {15},
number = {3},
pages = {208--216}
}

@inproceedings{Priva:2008uc,
author = {Cohen Priva, Uriel},
title = {{Using Information Content to Predict Phone Deletion}},
booktitle = {27th West Coast Conference on Formal Linguistics},
year = {2008},
editor = {Abner, Natasha and Bishop, Jason},
pages = {90--98},
organization = {Stanford University},
address = {Somerville, MA},
month = aug
}

@article{Gagliardi:2012wk,
author = {Gagliardi, Annie and Feldman, Naomi H and Lidz, Jeffrey},
title = {{When suboptimal behavior is optimal and why: Modeling the acquisition of noun classes in Tsez}},
year = {2012},
pages = {360--365}
}

@article{Sprouse:2011en,
author = {Sprouse, J. and Fukuda, S. and Ono, H. and Kluender, R.},
title = {{Reverse Island Effects and the Backward Search for a Licensor in Multiple Wh-Questions}},
journal = {Syntax},
year = {2011},
volume = {14},
number = {2},
pages = {179--203}
}

@article{Wurm:2014bh,
author = {Wurm, Lee H and Fisicaro, Sebastiano A},
title = {{What residualizing predictors in regression analyses does (and what it does not do)}},
journal = {Journal of Memory and Language},
year = {2014},
volume = {72},
number = {C},
pages = {37--48},
month = apr
}

@article{Fromkin:1971uw,
author = {Fromkin, Victoria A},
title = {{The non-anomalous nature of anomalous utterances}},
journal = {Language},
year = {1971},
pages = {27--52}
}

@article{Renninger:2007eg,
author = {Renninger, L W and Verghese, P and Coughlan, J},
title = {{Where to look next? Eye movements reduce local uncertainty}},
journal = {Journal of Vision},
year = {2007},
volume = {7},
number = {3},
pages = {6--6},
month = feb
}

@article{DEKEYSER:2010jf,
author = {DEKEYSER, ROBERT and ALFI-SHABTAY, IRIS and RAVID, DORIT},
title = {{Cross-linguistic evidence for the nature of age effects in second language acquisition}},
journal = {Applied Psycholinguistics},
year = {2010},
volume = {31},
number = {03},
pages = {413--438},
month = jun
}

@article{Frazier:1989wc,
author = {Frazier, L. and Flores D'Arcais, G.B.},
title = {{Filler driven parsing: A study of gap filling in Dutch}},
journal = {Journal of Memory and Language},
year = {1989},
volume = {28},
number = {3},
pages = {331--344}
}

@article{Connine:1987ud,
author = {Connine, C.M.},
title = {{Constraints on interactive processes in auditory word recognition: The role of sentence context}},
journal = {Journal of Memory and Language},
year = {1987},
volume = {26},
number = {5},
pages = {527--538}
}

@article{Lau:2013tb,
author = {Lau, Ellen F and Holcomb, Phillip J and Kuperberg, Gina R},
title = {{Dissociating n400 effects of prediction from association in single-word contexts}},
journal = {Journal of Cognitive Neuroscience},
year = {2013},
volume = {25},
number = {3},
pages = {484--502}
}

@article{Whitford:2013ka,
author = {Whitford, Veronica and Titone, Debra},
title = {{The Quarterly Journal of Experimental Psychology}},
journal = {The Quarterly Journal of Experimental Psychology},
year = {2013},
volume = {0},
number = {0},
pages = {1--15},
month = nov
}

@article{Mitchell:1995ve,
author = {Mitchell, Don C and Cuetos, Fernando and Corley, Martin MB and Brysbaert, Marc},
title = {{Exposure-based models of human parsing: Evidence for the use of coarse-grained (nonlexical) statistical records}},
journal = {Journal of Psycholinguistic Research},
year = {1995},
volume = {24},
number = {6},
pages = {469--488}
}

@article{Bayley:2013wb,
author = {Bayley, R and Greer, K and Holland, C},
title = {{Lexical Frequency and Syntactic Variation: A Test of a Linguistic Hypothesis}},
journal = {University of Pennsylvania Working Papers in Linguistics},
year = {2013}
}

@incollection{McClelland:1986ud,
author = {McClelland, James L and Kawamoto, Alan H},
title = {{Parallel Mechanisms of Sentence Processing: Assigning Roles to Constituents of Sentences}},
booktitle = {Parallel distributed processing: Explorations in the microstructure of cognition},
year = {1986},
editor = {McClelland, James L and Rumelhart, D E and group, the PDP research},
publisher = {MIT Press},
address = {Cambridge, MA}
}

@article{Beyersmann:2012iq,
author = {Beyersmann, Elisabeth and Coltheart, Max and Castles, Anne},
title = {{Parallel processing of whole words and morphemes in visual word recognition}},
journal = {The Quarterly Journal of Experimental Psychology},
year = {2012},
volume = {65},
number = {9},
pages = {1798--1819},
month = sep
}

@article{Bencini:2008gn,
author = {Bencini, Giulia M L and Valian, Virginia V},
title = {{Abstract sentence representations in 3-year-olds: Evidence from language production and comprehension}},
journal = {Journal of Memory and Language},
year = {2008},
volume = {59},
number = {1},
pages = {97--113},
month = jul
}

@article{Chater:2006ku,
author = {Chater, Nick and Tenenbaum, Joshua B. and Yuille, Alan},
title = {{Probabilistic models of cognition: Conceptual foundations}},
journal = {Trends in Cognitive Sciences},
year = {2006},
volume = {10},
number = {7},
pages = {287--291},
month = jul
}

@incollection{Levy:2013wu,
author = {Levy, Roger},
title = {{Memory and surprisal in human sentence comprehension}},
year = {2013},
pages = {1--54},
month = feb
}

@article{Swinney:1979wv,
author = {Swinney, David A and Cutler, Anne},
title = {{The access and processing of idiomatic expressions}},
journal = {Journal of Verbal Learning and Verbal Behavior},
year = {1979},
volume = {18},
number = {5},
pages = {523--534}
}

@article{Orfanidou:2010da,
author = {Orfanidou, Eleni and Adam, Robert and Morgan, Gary and McQueen, James M},
title = {{Recognition of signed and spoken language: Different sensory inputs, the same segmentation procedure}},
journal = {Journal of Memory and Language},
year = {2010},
volume = {62},
number = {3},
pages = {272--283},
month = apr
}

@article{Levy:2012bj,
author = {Levy, Roger and Fedorenko, Evelina and Breen, Mara and Gibson, Edward},
title = {{The processing of extraposed structures in English}},
journal = {Cognition},
year = {2012},
volume = {122},
number = {1},
pages = {12--36},
month = jan
}

@book{Agresti:2002vi,
author = {Agresti, Alan},
title = {{Categorical Data Analysis}},
publisher = {Wiley-Interscience},
year = {2002},
month = jul
}

@article{Bybee:1997tl,
author = {Bybee, Joan and Thompson, Sandra},
title = {{Three frequency effects in syntax}},
journal = {Proceedings of the Annual Meeting of the Berkeley Linguistics Society},
year = {1997},
volume = {23},
number = {1},
pages = {378--388}
}

@article{Menn:2013cv,
author = {Menn, Lise and Duffield, Cecily Jill},
title = {{Aphasias and theories of linguistic representation: representing frequency, hierarchy, constructions, and sequential structure}},
journal = {Wiley Interdisciplinary Reviews: Cognitive Science},
year = {2013},
pages = {n/a--n/a},
month = oct
}

@article{Kirsner:1984tl,
author = {Kirsner, Kim and Smith, Marilyn C and Lockhart, R S and King, M L and Jain, M},
title = {{The bilingual lexicon: Language-specific units in an integrated network}},
journal = {Journal of Verbal Learning and Verbal Behavior},
year = {1984},
volume = {23},
number = {4},
pages = {519--539}
}

@article{Keffala:2011ub,
author = {Keffala, B. and Goodall, G.},
title = {{Do resumptive pronouns ever rescue illicit gaps in English?}},
journal = {Poster presented at CUNY Conference on Human Sentence Processing},
year = {2011}
}

@article{Dijkstra:2010iw,
author = {Dijkstra, Ton and Miwa, Koji and Brummelhuis, Bianca and Sappelli, Maya and Baayen, Harald},
title = {{Journal of Memory and Language}},
journal = {Journal of Memory and Language},
year = {2010},
volume = {62},
number = {3},
pages = {284--301},
month = apr
}

@article{MarslenWilson:1975vd,
author = {Marslen-Wilson, W.D.},
title = {{Sentence perception as an interactive parallel process}},
journal = {Science},
year = {1975},
volume = {189},
number = {4198},
pages = {226--228}
}

@book{Sprouse:nuMQNvyw,
editor = {Sprouse, Jon and Hornstein, Norbert},
title = {{Experimental Syntax and Islands Effects}},
publisher = {Cambridge University Press},
year = {2012}
}

@article{Luka:2012dw,
author = {Luka, Barbara J and Choi, Heidi},
title = {{Journal of Memory and Language}},
journal = {Journal of Memory and Language},
year = {2012},
volume = {66},
number = {2},
pages = {345--360},
month = feb
}

@article{Seidenberg:1999ud,
author = {Seidenberg, Mark S and MacDonald, Maryellen C},
title = {{A probabilistic constraints approach to language acquisition and processing}},
journal = {Cognitive Science},
year = {1999},
volume = {23},
number = {4},
pages = {569--588}
}

@incollection{Anonymous:2009wz,
title = {{Artificial Neural Networks}},
booktitle = {Algorithmic Composition: Paradigms of Automated Music Generation
},
year = {2009},
pages = {1--19},
publisher = {SpringerWienNewYork},
address = {Germany},
month = aug
}

@article{Lee:wa,
author = {Lee, MD and Steyvers, M and de Young, M},
title = {{A Model-Based Approach to Measuring Expertise in Ranking Tasks}},
journal = {psiexp.ss.uci.edu}
}

@article{Goodall:2011uw,
author = {Goodall, G.},
title = {{Syntactic Satiation and the Inversion Effect in English and Spanish Wh-Questions}},
journal = {Syntax},
year = {2011},
volume = {14},
pages = {29--47},
month = mar
}

@incollection{Anonymous:2009vg,
title = {{Transition Networks}},
booktitle = {Algorithmic Composition: Paradigms of Automated Music Generation
},
year = {2009},
pages = {1--10},
publisher = {SpringerWienNewYork},
address = {Germany},
month = aug
}

@incollection{Anonymous:2009tc,
title = {{Cellular Automata}},
booktitle = {Algorithmic Composition: Paradigms of Automated Music Generation
},
year = {2009},
pages = {1--18},
publisher = {SpringerWienNewYork},
address = {Germany},
month = aug
}

@incollection{Anonymous:2009tn,
title = {{Final Synopsis}},
booktitle = {Algorithmic Composition: Paradigms of Automated Music Generation
},
year = {2009},
pages = {1--15},
publisher = {SpringerWienNewYork},
address = {Germany},
month = aug
}

@incollection{Anonymous:2009te,
title = {{Historical Development of Algorithmic Procedures}},
booktitle = {Algorithmic Composition: Paradigms of Automated Music Generation
},
year = {2009},
pages = {1--60},
publisher = {SpringerWienNewYork},
address = {Germany},
month = aug
}

@incollection{Anonymous:2009ws,
title = {{Generative Grammars}},
booktitle = {Algorithmic Composition: Paradigms of Automated Music Generation
},
year = {2009},
pages = {1--38},
publisher = {SpringerWienNewYork},
address = {Germany},
month = aug
}

@incollection{Anonymous:2009uh,
title = {{Genetic Algorithms}},
booktitle = {Algorithmic Composition: Paradigms of Automated Music Generation
},
year = {2009},
pages = {1--30},
publisher = {SpringerWienNewYork},
address = {Germany},
month = aug
}

@incollection{Anonymous:2009uk,
title = {{Introduction}},
booktitle = {Algorithmic Composition: Paradigms of Automated Music Generation
},
year = {2009},
pages = {1--6},
publisher = {SpringerWienNewYork},
address = {Germany},
month = aug
}

@article{Gooding:2010jz,
author = {Gooding, David C},
title = {{Visualizing Scientific Inference}},
journal = {Topics in Cognitive Science},
year = {2010},
volume = {2},
number = {1},
pages = {15--35},
month = jan
}

@article{Tversky:2010gn,
author = {Tversky, Barbara},
title = {{Visualizing Thought}},
journal = {Topics in Cognitive Science},
year = {2010},
volume = {3},
number = {3},
pages = {499--535},
month = aug
}

@article{Larkin:1987wb,
author = {Larkin, Jill H and Simon, Herbert A},
title = {{Why a Diagram is (Sometimes) Worth Ten Thousand Words}},
journal = {Cognitive Science},
year = {1987},
pages = {65--99}
}

@incollection{Anonymous:2009vj,
title = {{Artificial Intelligence}},
booktitle = {Algorithmic Composition: Paradigms of Automated Music Generation
},
year = {2009},
pages = {1--34},
publisher = {SpringerWienNewYork},
address = {Germany},
month = aug
}

@book{Nierhaus:up,
author = {Nierhaus, Gerhard},
title = {{Algorithmic Composition: Paradigms of Automated Music Generation
}},
publisher = {SpringerWienNewYork},
address = {Germany}
}

@article{Alexopoulou:2003wn,
author = {Alexopoulou, T. and Keller, F.},
title = {{Linguistic complexity, locality and resumption}},
journal = {Proceedings of WCCFL},
year = {2003},
volume = {21},
pages = {15--28}
}

@incollection{Anonymous:2009va,
title = {{Markov Models}},
booktitle = {Algorithmic Composition: Paradigms of Automated Music Generation
},
year = {2009},
pages = {1--16},
publisher = {SpringerWienNewYork},
address = {Germany},
month = aug
}

@incollection{Anonymous:2009uha,
title = {{Chaos and Self-Similarity}},
booktitle = {Algorithmic Composition: Paradigms of Automated Music Generation
},
year = {2009},
pages = {1--25},
publisher = {SpringerWienNewYork},
address = {Germany},
month = aug
}

@incollection{Everaert:1995tu,
author = {Everaert, Martin and van der Linden, Erik-Jan and Schenk, Andre and Schreuder, Rob},
title = {{The Boundaries of the Lexicon}},
booktitle = {Idioms: structural and psychological perspectives
},
year = {1995},
publisher = {Lawrence Erlbaum Associates, Inc.}
}

@book{Menard:2002tc,
author = {Menard, Scott},
title = {{Applied Logistic Regression Analysis}},
publisher = {SAGE Publications, Incorporated},
year = {2002}
}

@article{Costa:1999wx,
author = {Costa, Albert and Miozzo, Michele and Caramazza, Alfonso},
title = {{Lexical selection in bilinguals: Do words in the bilingual's two lexicons compete for selection?}},
journal = {Journal of Memory and Language},
year = {1999},
volume = {41},
number = {3},
pages = {365--397}
}

@article{Kothari:2008wc,
author = {Kothari, A},
title = {{Frequency-based expectations and context influence bridge quality}},
journal = {Proceedings of WECOL},
year = {2008}
}

@article{Fiebach:2001tj,
author = {Fiebach, C.J. and Schlesewsky, M. and Friederici, A.D.},
title = {{Syntactic working memory and the establishment of filler-gap dependencies: Insights from ERPs and fMRI}},
journal = {Journal of Psycholinguistic Research},
year = {2001},
volume = {30},
number = {3},
pages = {321--338}
}

@article{King:1998wy,
author = {King, JW and Kutas, M},
title = {{Neural plasticity in the dynamics of human visual word recognition}},
journal = {Neuroscience Letters},
year = {1998}
}

@article{Keller:2003ty,
author = {Keller, F.},
title = {{A probabilistic parser as a model of global processing difficulty}},
journal = {Proceedings from the 25th Annual Conference of the Cognitive Science Society},
year = {2003},
pages = {646--651}
}

@article{Hale:2001wx,
author = {Hale, J.},
title = {{A probabilistic Earley parser as a psycholinguistic model}},
journal = {Proceedings of Language Technologies 2001: The Second Meeting of the North American Chapter of the Association for Computational Linguistics},
year = {2001}
}

@article{Christensen:2012bl,
author = {Christensen, Ken Ramsh{\o}j and Kizach, Johannes and Nyvad, Anne Mette},
title = {{Escape from the Island: Grammaticality and (Reduced) Acceptability of wh-island Violations in Danish}},
journal = {Journal of Psycholinguistic Research},
year = {2012},
month = mar
}

@inproceedings{Denormenenwaarden:2004ts,
author = {Levelt, C C and Sedee, Willemijn},
title = {{De normen en waarden van "normen en waarden"}},
booktitle = {TIN-dag (The Linguistic Society of the Netherlands annual meeting)},
year = {2004},
address = {Utrecht}
}

@article{Hegarty:2004ci,
author = {Hegarty, Mary},
title = {{Mechanical reasoning by mental simulation}},
journal = {Trends in Cognitive Sciences},
year = {2004},
volume = {8},
number = {6},
pages = {280--285},
month = jun
}

@article{Hegarty:2011ea,
author = {Hegarty, Mary},
title = {{The Cognitive Science of Visual-Spatial Displays: Implications for Design}},
journal = {Topics in Cognitive Science},
year = {2011},
volume = {3},
number = {3},
pages = {446--474},
month = may
}

@article{Perini:2005dp,
author = {Perini, Laura},
title = {{Explanation in Two Dimensions: Diagrams and Biological Explanation}},
journal = {Biology {\&} Philosophy},
year = {2005},
volume = {20},
number = {2-3},
pages = {257--269},
month = mar
}

@inproceedings{Han:wu,
author = {Han, C and Kirby, S and Dyakonova, M and Elouazizi, N and Galeano, C and Gorgulu, E and Hedberg, N and Hinnell, J and Jeffrey, M and Kim, K and Kirby, Susannah},
title = {{Processing Strategies and Resumptive Pronouns in English}},
booktitle = {WCCFL 30}
}

@article{Mollin:2013jc,
author = {Mollin, S},
title = {{Pathways of Change in the Diachronic Development of Binomial Reversibility in Late Modern American English}},
journal = {Journal of English Linguistics},
year = {2013},
volume = {41},
number = {2},
pages = {168--203},
month = may
}

@phdthesis{Lohmann:2013th,
author = {Lohmann, A},
title = {{Constituent order in coordinate constructions: a processing perspective}},
school = {University of Hamburg},
year = {2013}
}

@article{MOLLIN:2012ia,
author = {Mollin, S},
title = {{Revisiting binomial order in English}},
journal = {English Language and Linguistics},
year = {2012},
volume = {16},
number = {1},
pages = {81--103},
month = feb
}

@techreport{Levelt:3bA8QhiF,
author = {Levelt, C C},
title = {{normenwaarden}},
year = {2013},
month = dec
}

@article{Spivey:1999ev,
author = {Spivey, M J and Marian, V},
title = {{Cross Talk Between Native and Second Languages: Partial Activation of an Irrelevant Lexicon}},
journal = {Psychological Science},
year = {1999},
volume = {10},
number = {3},
pages = {281--284},
month = may
}

@article{Goldwater:2009jy,
author = {Goldwater, Sharon and Griffiths, Thomas L and Johnson, Mark},
title = {{A Bayesian framework for word segmentation: Exploring the effects of context}},
journal = {Cognition},
year = {2009},
volume = {112},
number = {1},
pages = {21--54},
month = jul
}

@article{Xu:2007dt,
author = {Xu, Fei and Tenenbaum, Joshua B.},
title = {{Word learning as Bayesian inference}},
journal = {Psychological Review},
year = {2007},
volume = {114},
number = {2},
pages = {245--272}
}

@article{Lin:2012te,
author = {Lin, Yuri and Michel, Jean-Baptiste and Aiden, Erez Lieberman and Orwant, Jon and Brockman, Will and Petrov, Slav},
title = {{Syntactic Annotations for the Google Books Ngram Corpus}},
journal = {Proceedings of the 50th Annual Meeting of the Association for Computational Linguistics},
year = {2012},
pages = {169--174}
}

@article{Payne:2014cb,
author = {Payne, Brennan R and Grison, Sarah and Gao, Xuefei and Christianson, Kiel and Morrow, Daniel G and Stine-Morrow, Elizabeth A L},
title = {{Aging and individual differences in binding during sentence understanding: Evidence from temporary and global syntactic attachment ambiguities}},
journal = {Cognition},
year = {2014},
volume = {130},
number = {2},
pages = {157--173},
month = feb
}

@article{Tanenhaus:1995tc,
author = {Tanenhaus, M K and Spivey-Knowlton, M J and Eberhard, K M},
title = {{Integration of visual and linguistic information in spoken language comprehension}},
journal = {Science},
year = {1995},
volume = {268},
pages = {1632--1634}
}

@article{Ferreira:1986vz,
author = {Ferreira, Fernanda and Clifton, Jr, Charles},
title = {{The independence of syntactic processing}},
journal = {Journal of Memory and Language},
year = {1986},
volume = {25},
number = {3},
pages = {348--368}
}

@article{Harris:2004bo,
author = {Harris, M and Moreno, Constanza},
title = {{Deaf Children's Use of Phonological Coding: Evidence from Reading, Spelling, and Working Memory}},
journal = {Journal of Deaf Studies and Deaf Education},
year = {2004},
volume = {9},
number = {3},
pages = {253--268},
month = jun
}

@article{Hudson:1985ws,
author = {Hudson, Patrick TW and Bergman, Marijke W},
title = {{Lexical knowledge in word recognition: Word length and word frequency in naming and lexical decision tasks}},
journal = {Journal of Memory and Language},
year = {1985},
volume = {24},
number = {1},
pages = {46--58}
}

@article{Frisch:2001ti,
author = {Frisch, S and Schlesewsky, Matthias},
title = {{The N400 reflects problems of thematic hierarchizing}},
journal = {NeuroReport},
year = {2001}
}

@article{Kamide:2003vq,
author = {Kamide, Yuki and Scheepers, Christopher and Altmann, Gerry T M},
title = {{Integration of syntactic and se- mantic information in predictive processing}},
journal = {Journal of Psycholinguistic Research},
year = {2003},
volume = {32}
}

@article{Benor:2006gv,
author = {Benor, Sarah and Levy, Roger},
title = {{The Chicken or the Egg? A Probabilistic Analysis of English Binomials}},
journal = {Language},
year = {2006},
volume = {82},
number = {2},
pages = {233--278}
}

@incollection{CliftonJr:2011tl,
author = {Clifton, Jr, C and Staub, A},
title = {{Syntactic influences on eye movements during reading}},
booktitle = {The Oxford Handbook of Eye Movements},
year = {2011},
editor = {Liversedge, Simon P and Gilchrist, Iain D and Everling, Stefan},
pages = {895--909},
publisher = {Oxford University Press}
}

@article{Fedorenko:2009ij,
author = {Fedorenko, Evelina and Patel, Aniruddh and Casasanto, Daniel and Winawer, Jonathan and Gibson, Edward},
title = {{Structural integration in language and music: Evidence for a shared system}},
journal = {Memory {\&} Cognition},
year = {2009},
volume = {37},
number = {1},
pages = {1--9},
month = jan
}

@phdthesis{Braze:2002wl,
author = {Braze, Forrest David},
title = {{Grammaticality, acceptability and sentence processing}},
school = {University of Connecticut},
year = {2002}
}

@article{Meyer:1971tc,
author = {Meyer, D E and Schvaneveldt, R W},
title = {{Facilitation in recognizing pairs of words: evidence of a dependence between retrieval operations.}},
journal = {Journal of Experimental Psychology},
year = {1971}
}

@article{Osterhout:2002uk,
author = {Osterhout, L and Allen, M and McLaughlin, J},
title = {{Words in the brain: lexical determinants of word-induced brain activity}},
journal = {Journal of Neurolinguistics},
year = {2002}
}

@article{Staub:2006ti,
author = {Staub, A and Clifton, Jr, C},
title = {{Syntactic prediction in language comprehension: evidence from either... or.}},
journal = {Journal of Experimental Psychology},
year = {2006}
}

@article{Kay:1981fe,
author = {Kay, Janice and Marcel, Anthony},
title = {{One process, not two, in reading aloud: Lexical analogies do the work of non-lexical rules}},
journal = {The Quarterly Journal of Experimental Psychology Section A},
year = {1981},
volume = {33},
number = {4},
pages = {397--413},
month = nov
}

@article{Gaskell:2001ca,
author = {Gaskell, M Gareth and Marslen-Wilson, William D},
title = {{Lexical Ambiguity Resolution and Spoken Word Recognition: Bridging the Gap}},
journal = {Journal of Memory and Language},
year = {2001},
volume = {44},
number = {3},
pages = {325--349},
month = apr
}

@article{Dumay:2012be,
author = {Dumay, Nicolas and Content, Alain},
title = {{Searching for syllabic coding units in speech perception}},
journal = {Journal of Memory and Language},
year = {2012},
volume = {66},
number = {4},
pages = {680--694},
month = may
}

@article{Tuinman:2012cg,
author = {Tuinman, Annelie and Mitterer, Holger and Cutler, Anne},
title = {{Resolving ambiguity in familiar and unfamiliar casual speech}},
journal = {Journal of Memory and Language},
year = {2012},
volume = {66},
number = {4},
pages = {530--544},
month = may
}

@article{Kielar:2008hq,
author = {Kielar, Aneta and Joanisse, Marc F and Hare, Mary L},
title = {{Priming English past tense verbs: Rules or statistics?}},
journal = {Journal of Memory and Language},
year = {2008},
volume = {58},
number = {2},
pages = {327--346},
month = feb
}

@article{Perea:2009de,
author = {Perea, Manuel and Acha, Joana and Carreiras, Manuel},
title = {{Eye movements when reading text messaging ( txt msgng)}},
journal = {The Quarterly Journal of Experimental Psychology},
year = {2009},
volume = {62},
number = {8},
pages = {1560--1567},
month = aug
}

@article{Anonymous:KdMzT4_O,
title = {{2007.HP.555}},
year = {2011},
pages = {1--26},
month = aug
}

@article{Anonymous:LcuNwwJX,
title = {{Aligning Linguisticand Brain Views on Language Comprehension}},
year = {2007},
pages = {1--26},
month = jan
}

@article{Anonymous:wlBWSgRk,
title = {{2003.MBL.171}},
year = {2005},
pages = {1--20},
month = sep
}

@article{Anonymous:0hSLP-Pm,
title = {{luck}},
year = {2009},
pages = {1--26},
month = mar
}

@article{Shook:2012en,
author = {Shook, Anthony and Marian, Viorica},
title = {{Bimodal bilinguals co-activate both languages during spoken comprehension}},
journal = {Cognition},
year = {2012},
volume = {124},
number = {3},
pages = {314--324},
month = sep
}

@article{Fedorenko:2009iq,
author = {Fedorenko, Evelina and Kanwisher, Nancy},
title = {{Neuroimaging of Language: Why Hasn't a Clearer Picture Emerged?}},
journal = {Language and Linguistics Compass},
year = {2009},
volume = {3},
number = {4},
pages = {839--865},
month = jul
}

@article{Au:2008bk,
author = {Au, Terry Kit-fong and Oh, Janet S and Knightly, Leah M and Jun, Sun-Ah and Romo, Laura F},
title = {{Salvaging a childhood language}},
journal = {Journal of Memory and Language},
year = {2008},
volume = {58},
number = {4},
pages = {998--1011},
month = may
}

@article{Boston:2007tr,
author = {Boston, Marisa Ferrara and Hale, John and Kliegl, Reinhold and Patil, Umesh and Vasishth, Shravan},
title = {{Parsing costs as predictors of reading difficulty:An evaluation using the Potsdam Sentence Corpus}},
journal = {Journal of Eye Movement Research},
year = {2008},
volume = {2},
number = {1},
pages = {1--12}
}

@article{Bergen:2010eb,
author = {Bergen, Benjamin and Wheeler, Kathryn},
title = {{Grammatical aspect and mental simulation}},
journal = {Brain and Language},
year = {2010},
volume = {112},
number = {3},
pages = {150--158},
month = mar
}

@article{Potter:1998wo,
author = {Potter, Mary C and Lombardi, Linda},
title = {{Syntactic priming in immediate recall of sentences}},
journal = {Journal of Memory and Language},
year = {1998},
volume = {38},
number = {3},
pages = {265--282}
}

@inproceedings{Arnon:2013tr,
author = {Arnon, Inbal and Cohen Priva, Uriel},
title = {{More than words: The effect of multi-word frequency and constituency on phonetic duration}},
booktitle = {CUNY},
year = {2013},
address = {Columbia, SC}
}

@article{Hartshorne:2013gi,
author = {Hartshorne, Joshua K},
title = {{What is implicit causality?}},
journal = {Language and Cognitive Processes},
year = {2013},
pages = {1--21},
month = jul
}

@article{Osterhout:1997uo,
author = {Osterhout, L and Bersick, M and McKinnon, R},
title = {{Brain potentials elicited by words: Word length and frequency predict the latency of an early negativity}},
journal = {Biological Psychology},
year = {1997}
}

@article{Kandhadai:2010in,
author = {Kandhadai, Padmapriya and Federmeier, Kara D},
title = {{Automatic and controlled aspects of lexical associative processing in the two cerebral hemispheres}},
journal = {Psychophysiology},
year = {2010},
month = jan
}

@article{Wulff:2003uk,
author = {Wulff, Stefanie},
title = {{A multifactorial corpus analysis of adjective order in English}},
journal = {International Journal of Corpus Linguistics},
year = {2003},
volume = {8},
number = {2},
pages = {245--282}
}

@article{Bartek:2011kw,
author = {Bartek, Brian and Lewis, Richard L. and Vasishth, Shravan and Smith, Mason R},
title = {{In search of on-line locality effects in sentence comprehension.}},
journal = {Journal of Experimental Psychology: Learning, Memory, and Cognition},
year = {2011},
volume = {37},
number = {5},
pages = {1178--1198}
}

@article{HenrikEkeus:2012to,
author = {Henrik Ekeus, Samer A Abdallah Mark D Plumbley Peter W McOwan},
title = {{The Melody Triangle: Exploring Pattern and Predictability in Music}},
year = {2012},
pages = {1--8},
month = sep
}

@article{Worth:2006vy,
author = {Worth, Peter},
title = {{Growing Music}},
year = {2006},
pages = {1--6},
month = jan
}

@article{Staub:2010em,
author = {Staub, Adrian},
title = {{Eye movements and processing difficulty in object relative clauses}},
journal = {Cognition},
year = {2010},
volume = {116},
number = {1},
pages = {71--86},
month = jul
}

@incollection{Bod:2002vp,
author = {Bod, R},
title = {{A general parsing model for music and language}},
year = {2002},
pages = {77--90},
publisher = {Springer}
}

@article{Bod:2008uc,
author = {Bod, R},
title = {{The {D}ata-{O}riented {P}arsing approach: Theory and application}},
journal = {Studies in Computational Intelligence (SCI) },
year = {2008},
volume = {115},
pages = {307--348}
}

@article{Gollan:2004ie,
author = {Gollan, Tamar H and Acenas, Lori-Ann R},
title = {{What Is a TOT? Cognate and Translation Effects on Tip-of-the-Tongue States in Spanish-English and Tagalog-English Bilinguals.}},
journal = {Journal of Experimental Psychology: Learning, Memory, and Cognition},
year = {2004},
volume = {30},
number = {1},
pages = {246--269}
}

@article{Fukumura:2010kw,
author = {Fukumura, Kumiko and van Gompel, Roger P G},
title = {{Choosing anaphoric expressions: Do people take into account likelihood of reference?}},
journal = {Journal of Memory and Language},
year = {2010},
volume = {62},
number = {1},
pages = {52--66},
month = jan
}

@article{Ivanova:2012jk,
author = {Ivanova, Iva and Pickering, Martin J and Branigan, Holly P and McLean, Janet F and Costa, Albert},
title = {{The comprehension of anomalous sentences: Evidence from structural priming}},
journal = {Cognition},
year = {2012},
volume = {122},
number = {2},
pages = {193--209},
month = feb
}

@article{Zurif:1993tn,
author = {Zurif, Edgar and Swinney, David and Prather, Penny and Solomon, Julie and Bushell, Camille},
title = {{An on-line analysis of syntactic processing in Broca's and Wernicke's aphasia}},
journal = {Brain and Language},
year = {1993},
volume = {45},
pages = {448--448}
}

@article{Barber:2010di,
author = {Barber, Horacio A and Ben-Zvi, Shir and Bentin, Shlomo and Kutas, Marta},
title = {{Parafoveal perception during sentence reading? An ERP paradigm using rapid serial visual presentation (RSVP) with flankers}},
journal = {Psychophysiology},
year = {2010},
volume = {48},
number = {4},
pages = {523--531},
month = aug
}

@article{Koizumi:2010uk,
author = {Koizumi, M. and Tamaoka, K.},
title = {{Psycholinguistic evidence for the VP-internal subject position in Japanese}},
journal = {Linguistic Inquiry},
year = {2010},
volume = {41},
number = {4},
pages = {663--680}
}

@article{Bavelier:2006hz,
author = {Bavelier, Daphne and Dye, Matthew W G and Hauser, Peter C},
title = {{Do deaf individuals see better?}},
journal = {Trends in Cognitive Sciences},
year = {2006},
volume = {10},
number = {11},
pages = {512--518},
month = nov
}

@article{Hanna:2004df,
author = {Hanna, J},
title = {{Pragmatic effects on reference resolution in a collaborative task: evidence from eye movements}},
journal = {Cognitive Science},
year = {2004},
volume = {28},
number = {1},
pages = {105--115},
month = feb
}

@article{Patel:2009wi,
author = {Patel, Aniruddh D and Iversen, John R and Bregman, Micah R and Schulz, Irena},
title = {{Avian and human movement to music: Two further parallels}},
journal = {Communicative {\&} Integrative Biology},
year = {2009},
volume = {2},
number = {6},
pages = {485--488}
}

@article{Dye:2008fc,
author = {Dye, Matthew W G and Hauser, Peter C and Bavelier, Daphne},
title = {{Visual Skills and Cross-Modal Plasticity in Deaf Readers}},
journal = {Annals of the New York Academy of Sciences},
year = {2008},
volume = {1145},
number = {1},
pages = {71--82},
month = dec
}

@article{Schachner:2010tl,
author = {Schachner, Adena},
title = {{Auditory-motor entrainment in vocal mimicking species: Additional ontogenetic and phylogenetic factors}},
journal = {Communicative {\&} Integrative Biology},
year = {2010},
volume = {3},
number = {3},
pages = {290--293}
}

@article{Kuperberg:2006kb,
author = {Kuperberg, Gina R and Caplan, David and Sitnikova, Tatiana and Eddy, Marianna and Holcomb, Phillip J},
title = {{Neural correlates of processing syntactic, semantic, and thematic relationships in sentences}},
journal = {Language and Cognitive Processes},
year = {2006},
volume = {21},
number = {5},
pages = {489--530},
month = aug
}

@article{Kaan:2000ke,
author = {Kaan, Edith and Harris, Anthony and Gibson, Edward and Holcomb, Phillip},
title = {{The P600 as an index of syntactic integration difficulty}},
journal = {Language and Cognitive Processes},
year = {2000},
volume = {15},
number = {2},
pages = {159--201},
month = apr
}

@article{Delong:2011gr,
author = {Delong, Katherine A and Urbach, Thomas P and Groppe, David M and Kutas, Marta},
title = {{Overlapping dual ERP responses to low cloze probability sentence continuations}},
journal = {Psychophysiology},
year = {2011},
volume = {48},
number = {9},
pages = {1203--1207},
month = apr
}

@article{Steyvers:2009uw,
author = {Steyvers, Mark and Lee, Michael and Miller, Brent and Hemmer, Pernielle},
title = {{The Wisdom of Crowds in the Recollection of Order Information}},
year = {2009},
pages = {1--9},
month = nov
}

@article{Szewczyk:2011jf,
author = {Szewczyk, Jakub M and Schriefers, Herbert},
title = {{Is animacy special?}},
journal = {Brain Research},
year = {2011},
volume = {1368},
number = {C},
pages = {208--221},
month = jan
}

@article{Liu:2010hp,
author = {Liu, Youyi and Li, Ping and Shu, Hua and Zhang, Qirui and Chen, Lang},
title = {{Structure and meaning in Chinese: An ERP study of idioms}},
journal = {Journal of Neurolinguistics},
year = {2010},
volume = {23},
number = {6},
pages = {615--630},
month = nov
}

@article{VanPetten:2012fo,
author = {Van Petten, Cyma and Luka, Barbara J},
title = {{Prediction during language comprehension: Benefits, costs, and ERP components}},
journal = {International Journal of Psychophysiology},
year = {2012},
volume = {83},
number = {2},
pages = {176--190},
month = feb
}

@article{Zhang:2010cs,
author = {Zhang, Yaxu and Yu, Jing and Boland, Julie E},
title = {{Semantics does not need a processing license from syntax in reading Chinese.}},
journal = {Journal of Experimental Psychology: Learning, Memory, and Cognition},
year = {2010},
volume = {36},
number = {3},
pages = {765--781}
}

@article{Kuperberg:2007ec,
author = {Kuperberg, Gina R and Kreher, Donna A and Sitnikova, Tatiana and Caplan, David N and Holcomb, Phillip J},
title = {{The role of animacy and thematic relationships in processing active English sentences: Evidence from event-related potentials}},
journal = {Brain and Language},
year = {2007},
volume = {100},
number = {3},
pages = {223--237},
month = mar,
annote = {small P600 (in addition to N400) to pragmatic non-TR violations, e.g. "Every morning for breakfast the boys would bury..."
}
}

@article{Schlesewsky:2006dp,
author = {Schlesewsky, Matthias and Bornkessel, Ina},
title = {{Context-sensitive neural responses to conflict resolution: Electrophysiological evidence from subject--object ambiguities in language comprehension}},
journal = {Brain Research},
year = {2006},
volume = {1098},
number = {1},
pages = {139--152},
month = jul
}

@article{BornkesselSchlesewsky:2008fv,
author = {Bornkessel-Schlesewsky, Ina and Schlesewsky, Matthias},
title = {{An alternative perspective on ``semantic P600'' effects in language comprehension}},
journal = {Brain Research Reviews},
year = {2008},
volume = {59},
number = {1},
pages = {55--73},
month = nov
}

@phdthesis{Hiramatsu:2000tt,
author = {Hiramatsu, Kazuko},
title = {{Accessing Linguistic Competence}},
school = {University of Connecticut},
year = {2000}
}

@article{Kuperberg:2010vl,
author = {Kuperberg, G.R. and Choi, A. and Cohn, N. and Paczynski, M. and Jackendoff, R.},
title = {{Electrophysiological correlates of complement coercion}},
journal = {Journal of Cognitive Neuroscience},
year = {2010},
volume = {22},
number = {12},
pages = {2685--2701}
}

@article{Sprouse:2009vq,
author = {Sprouse, J.},
title = {{Revisiting satiation: Evidence for an equalization response strategy}},
journal = {Linguistic Inquiry},
year = {2009},
volume = {40},
number = {2},
pages = {329--341}
}

@article{Kuperberg:2011uy,
author = {Kuperberg, G.R. and Paczynski, M. and Ditman, T.},
title = {{Establishing causal coherence across sentences: An ERP study}},
journal = {Journal of Cognitive Neuroscience},
year = {2011},
volume = {23},
number = {5},
pages = {1230--1246}
}

@article{Kaushanskaya:2012kn,
author = {Kaushanskaya, Margarita and Rechtzigel, Katrina},
title = {{Concreteness effects in bilingual and monolingual word learning}},
journal = {Psychonomic Bulletin {\&} Review},
year = {2012},
volume = {19},
number = {5},
pages = {935--941},
month = may
}

@article{ENGELHARDT:2006hn,
author = {ENGELHARDT, P and BAILEY, K and FERREIRA, F},
title = {{Do speakers and listeners observe the Gricean Maxim of Quantity?}},
journal = {Journal of Memory and Language},
year = {2006},
volume = {54},
number = {4},
pages = {554--573},
month = may
}

@article{Glucksberg:1982wk,
author = {Glucksberg, Sam and Gildea, Patricia and Bookin, Howard B},
title = {{On understanding nonliteral speech: Can people ignore metaphors?}},
journal = {Journal of Verbal Learning and Verbal Behavior},
year = {1982},
volume = {21},
number = {1},
pages = {85--98}
}

@article{vandeMeerendonk:2010wu,
author = {van de Meerendonk, N. and Kolk, H.H.J. and Vissers, C.T.W.M. and Chwilla, D.J.},
title = {{Monitoring in language perception: Mild and strong conflicts elicit different ERP patterns}},
journal = {Journal of Cognitive Neuroscience},
year = {2010},
volume = {22},
number = {1},
pages = {67--82}
}

@article{Lane:2010fb,
author = {Lane, Liane Wardlow and Ferreira, Victor S},
title = {{Abstract syntax in sentence production: Evidence from stem-exchange errors}},
journal = {Journal of Memory and Language},
year = {2010},
volume = {62},
number = {2},
pages = {151--165},
month = feb
}

@article{Paczynski:2011cc,
author = {Paczynski, Martin and Kuperberg, Gina R},
title = {{Electrophysiological evidence for use of the animacy hierarchy, but not thematic role assignment, during verb-argument processing}},
journal = {Language and Cognitive Processes},
year = {2011},
volume = {26},
number = {9},
pages = {1402--1456},
month = nov
}

@article{vandeMeerendonk:2011gn,
author = {van de Meerendonk, Nan and Indefrey, Peter and Chwilla, Dorothee J and Kolk, Herman H J},
title = {{Monitoring in language perception: Electrophysiological and hemodynamic responses to spelling violations}},
journal = {NeuroImage},
year = {2011},
volume = {54},
number = {3},
pages = {2350--2363},
month = feb
}

@article{Baayen:2011tu,
author = {Baayen, R Harald and Hendrix, Peter},
title = {{Sidestepping the combinatorial explosion: Towards a processing model based on discriminative learning}},
year = {2011}
}

@article{BornkesselSchlesewsky:2011bl,
author = {Bornkessel-Schlesewsky, Ina and Kretzschmar, Franziska and Tune, Sarah and Wang, Luming and Gen{\c c}, Safiye and Philipp, Markus and Roehm, Dietmar and Schlesewsky, Matthias},
title = {{Think globally: Cross-linguistic variation in electrophysiological activity during sentence comprehension}},
journal = {Brain and Language},
year = {2011},
volume = {117},
number = {3},
pages = {133--152},
month = jun
}

@article{Zhang:2011hb,
author = {Zhang, Yang and Jiang, Xiaoming and Saalbach, Henrik and Zhou, Xiaolin},
title = {{Multiple constraints on semantic integration in a hierarchical structure: ERP evidence from German}},
journal = {Brain Research},
year = {2011},
volume = {1410},
number = {C},
pages = {89--100},
month = sep
}

@article{Snedeker:2010bv,
author = {Snedeker, Jesse and Casserly, Elizabeth},
title = {{Is it all relative? Effects of prosodic boundaries on the comprehension and production of attachment ambiguities}},
journal = {Language and Cognitive Processes},
year = {2010},
volume = {25},
number = {7-9},
pages = {1234--1264},
month = sep
}

@article{Kim:2011df,
author = {Kim, Albert and Les Sikos},
title = {{Conflict and surrender during sentence processing: An ERP study of syntax-semantics interaction}},
journal = {Brain and Language},
year = {2011},
volume = {118},
number = {1-2},
pages = {15--22},
month = jul
}

@article{Federmeier:2007bw,
author = {Federmeier, Kara D and Wlotko, Edward W and De Ochoa-Dewald, Esmeralda and Kutas, Marta},
title = {{Multiple effects of sentential constraint on word processing}},
journal = {Brain Research},
year = {2007},
volume = {1146},
pages = {75--84},
month = may
}

@article{Kutas:2011tj,
author = {Kutas, M and DeLong, K.A. and Smith, N.J.},
title = {{A Look around at What Lies Ahead: Prediction and Predictability in Language Processing}},
journal = {Predictions in the Brain: Using Our Past to Generate a Future},
year = {2011},
pages = {190--207}
}

@article{Levy:2008wy,
author = {Levy, R.},
title = {{Expectation-based syntactic comprehension}},
journal = {Cognition},
year = {2008},
volume = {106},
number = {3},
pages = {1126--1177}
}

@article{Wagers:2009hp,
author = {Wagers, Matthew W and Lau, Ellen F and Phillips, Colin},
title = {{Agreement attraction in comprehension: Representations and processes}},
journal = {Journal of Memory and Language},
year = {2009},
volume = {61},
number = {2},
pages = {206--237},
month = aug
}

@article{Kaan:2002uf,
author = {Kaan, Edith},
title = {{Investigating the effects of distance and number interference in processing subject-verb dependencies: An ERP study}},
journal = {Journal of Psycholinguistic Research},
year = {2002},
volume = {31},
number = {2},
pages = {165--193}
}

@article{Demberg:2008hw,
author = {Demberg, Vera and Keller, Frank},
title = {{Data from eye-tracking corpora as evidence for theories of syntactic processing complexity}},
journal = {Cognition},
year = {2008},
volume = {109},
number = {2},
pages = {193--210},
month = nov
}

@article{Xiang:2009jm,
author = {Xiang, Ming and Dillon, Brian and Phillips, Colin},
title = {{Illusory licensing effects across dependency types: ERP evidence}},
journal = {Brain and Language},
year = {2009},
volume = {108},
number = {1},
pages = {40--55},
month = jan
}

@article{Pearlmutter:1999ur,
author = {Pearlmutter, Neal J and Garnsey, Susan M and Bock, Kathryn},
title = {{Agreement processes in sentence comprehension}},
journal = {Journal of Memory and Language},
year = {1999},
volume = {41},
number = {3},
pages = {427--456}
}

@article{Pinker:1979tf,
author = {Pinker, Steven and Birdsong, David},
title = {{Speakers' sensitivity to rules of frozen word order}},
journal = {Journal of Verbal Learning and Verbal Behavior},
year = {1979},
volume = {18},
number = {4},
pages = {497--508}
}

@article{Neely:1991uv,
author = {Neely, J H},
title = {{Semantic priming effects in visual word recognition: A selective review of current findings and theories}},
journal = {Basic processes in reading: Visual word recognition},
year = {1991}
}

@article{Senghas:2004ic,
author = {Senghas, A},
title = {{Children Creating Core Properties of Language: Evidence from an Emerging Sign Language in Nicaragua}},
journal = {Science},
year = {2004},
volume = {305},
number = {5691},
pages = {1779--1782},
month = sep
}

@article{Kentner:2012fu,
author = {Kentner, Gerrit},
title = {{Linguistic rhythm guides parsing decisions in written sentence comprehension}},
journal = {Cognition},
year = {2012},
volume = {123},
number = {1},
pages = {1--20},
month = apr
}

@article{Trueswell:1993tx,
author = {Trueswell, John C and Tanenhaus, Michael K and Kello, Christopher},
title = {{Verb-specific constraints in sentence processing: separating effects of lexical preference from garden-paths.}},
journal = {Journal of Experimental Psychology: Learning, Memory, and Cognition},
year = {1993},
volume = {19},
number = {3},
pages = {528}
}

@article{Bybee:2006ul,
author = {Bybee, Joan},
title = {{From usage to grammar: The mind's response to repetition}},
journal = {Language},
year = {2006},
volume = {82},
number = {4},
pages = {711--733}
}

@article{Yao:1999vk,
author = {Yao, G and Bockenholt, U},
title = {{Bayesian estimation of Thurstonian ranking models based on the Gibbs sampler}},
journal = {British Journal of Mathematical and {\ldots}},
year = {1999},
volume = {52},
pages = {19--92}
}

@article{Thornton:2003cj,
author = {Thornton, Robert and MacDonald, Maryellen C},
title = {{Plausibility and grammatical agreement}},
journal = {Journal of Memory and Language},
year = {2003},
volume = {48},
number = {4},
pages = {740--759},
month = may
}

@article{Pearlmutter:2000ty,
author = {Pearlmutter, Neal J},
title = {{Linear versus hierarchical agreement feature processing in comprehension}},
journal = {Journal of Psycholinguistic Research},
year = {2000},
volume = {29},
number = {1},
pages = {89--98}
}

@article{AdrianStaub:2009jq,
author = {{Adrian Staub}},
title = {{On the interpretation of the number attraction effect: Response time evidence}},
journal = {Journal of Memory and Language},
year = {2009},
volume = {60},
number = {2},
pages = {308--327},
month = feb
}

@article{Gillespie:2011db,
author = {Gillespie, Maureen and Pearlmutter, Neal J},
title = {{Hierarchy and scope of planning in subject{\^a}€``verb agreement production}},
journal = {Cognition},
year = {2011},
volume = {118},
number = {3},
pages = {377--397},
month = mar
}

@article{AdrianStaub:2010ff,
author = {{Adrian Staub}},
title = {{Response time distributional evidence for distinct varieties of number attraction}},
journal = {Cognition},
year = {2010},
volume = {114},
number = {3},
pages = {447--454},
month = mar
}

@article{Ambridge:2008un,
author = {Ambridge, Ben and Goldberg, Adele E},
title = {{The island status of clausal complements: Evidence in favor of an information structure explanation}},
journal = {Cognitive linguistics},
year = {2008},
volume = {19},
number = {3},
pages = {357--389},
annote = {we know
24 that strings that contain more frequent words tend to be judged as
25 more acceptable, all other things being equal (Ambridge et al. forthc. b;
26 Featherston 2005; Keller 2000; Kempen and Harbusch 2003, 2004;
27 Schuetze 1996)

but none of those except Ambridge et al actually deal with lexical frequency! Keller 2000 is a good example of someone saying that there are "potential effects of lexical frequency" without providing evidence}
}

@incollection{Abney:1996tc,
author = {Abney, S.},
title = {{Statistical methods and linguistics}},
booktitle = {The Balancing Act: Combining Symbolic
and Statistical Approaches to Language},
year = {1996},
editor = {Klavans, J. L. and Resnik, P.},
pages = {1--26},
publisher = {MIT Press},
address = {Cambridge, MA}
}

@article{Bock:1991vo,
author = {Bock, Kathryn and Miller, Carol A},
title = {{Broken agreement}},
journal = {Cognitive Psychology},
year = {1991},
pages = {46--93},
month = mar
}

@article{Meylan:2014gi,
author = {Meylan, Stephan C and Frank, Michael C and Roy, Brandon C and Levy, Roger},
title = {{Modeling the emergence of syntactic abstraction in children's early speech}},
year = {2014},
pages = {1--7},
month = feb
}

@article{Thurstone:1927vy,
author = {Thurstone, LL},
title = {{A law of comparative judgment.}},
journal = {Psychological Review},
year = {1927}
}

@article{Phillips:2006vt,
author = {Phillips, C.},
title = {{The real-time status of island phenomena}},
journal = {Language},
year = {2006},
volume = {82},
number = {4},
pages = {795--823}
}

@article{Hofmeister:2012uu,
author = {Hofmeister, Philip and Casasanto, Laura Staum and Sag, Ivan A.},
title = {{How do individual cognitive differences relate to acceptability judgments?}},
journal = {Language},
year = {2012},
volume = {88},
number = {2},
pages = {390--400},
month = jul
}

@article{Frazier:1982uf,
author = {Frazier, Lyn and Rayner, Keith},
title = {{Making and correcting errors during sentence comprehension: Eye movements in the analysis of structurally ambiguous sentences}},
journal = {Cognitive Psychology},
year = {1982},
volume = {14},
number = {2},
pages = {178--210}
}

@article{Erman:2000wt,
author = {Erman, Britt and Warren, Beatrice},
title = {{The idiom principle and the open choice principle}},
journal = {TEXT},
year = {2000},
volume = {20},
number = {1},
pages = {29--62}
}

@article{Just:1980wy,
author = {Just, Marcel Adam and Carpenter, Patricia A},
title = {{A theory of reading: From eye fixations to comprehension}},
journal = {Psychological Review},
year = {1980},
volume = {87},
number = {4},
pages = {1--27},
month = jul
}

@article{Eberhard:1995wsa,
author = {Eberhard, Kathleen M and Spivey-Knowlton, Michael J and Sedivy, Julie C and Tanenhaus, Michael K},
title = {{Eye movements as a window into real-time spoken language comprehension in natural contexts}},
journal = {Journal of Psycholinguistic Research},
year = {1995},
volume = {24},
number = {6},
pages = {409--436}
}

@article{Molinaro:2011wp,
author = {Molinaro, Nicola and Carreiras, Manuel and Du{\~n}abeitia, Jon Andoni},
title = {{Semantic combinatorial processing of non-anomalous expressions}},
year = {2011},
pages = {1--53},
month = nov
}

@article{Otten:2008br,
author = {Otten, Marte and Van Berkum, Jos J A},
title = {{Discourse-Based Word Anticipation During Language Processing: Prediction or Priming?}},
journal = {Discourse Processes},
year = {2008},
volume = {45},
number = {6},
pages = {464--496},
month = nov
}

@article{Therationalintegra:2012uv,
author = {Gibson, Edward and Bergen, Leon},
title = {{The rational integration of noise and prior semantic expectation}},
journal = {Poster presented at CUNY Conference on Human Sentence Processing},
year = {2012},
month = mar
}

@inproceedings{Verbomissionerrors:2012ux,
author = {Bergen, Leon and Levy, Roger and Gibson, Edward},
title = {{Verb omission errors}},
booktitle = {Poster presented at CUNY Conference on Human Sentence Processing},
year = {2012},
pages = {1--1},
month = mar
}

@article{Gibson:2011kk,
author = {Gibson, Edward and Fedorenko, Evelina},
title = {{The need for quantitative methods in syntax and semantics research}},
journal = {Language and Cognitive Processes},
year = {2010},
month = oct
}

@article{DenDikken:2007cm,
author = {Den Dikken, Marcel and Bernstein, Judy B and Tortora, Christina and Zanuttini, Raffaella},
title = {{Data and grammar: Means and individuals}},
journal = {Theoretical Linguistics},
year = {2007},
volume = {33},
number = {3},
pages = {335--352},
month = dec
}

@article{Tanenhaus:1995tca,
author = {Tanenhaus, Michael K and Spivey-Knowlton, Michael J and Eberhard, Kathleen M and Sedivy, Julie C},
title = {{Integration of visual and linguistic information in spoken language comprehension}},
journal = {Science},
year = {1995},
volume = {268},
number = {5217},
pages = {1632--1634}
}

@article{Newmeyer:2007bx,
author = {Newmeyer, Frederick J},
title = {{Commentary on Sam Featherston, `Data in generative grammar: The stick and the carrot`}},
journal = {Theoretical Linguistics},
year = {2007},
volume = {33},
number = {3},
pages = {395--399},
month = dec
}

@unpublished{Sprouse:2010ug,
author = {Sprouse, Jon and Almeida, Diogo},
title = {{A quantitative defense of linguistic methodology}},
month = jul,
year = {2010}
}

@article{Yan:2010kz,
author = {Yan, Ming and Kliegl, Reinhold and Richter, Eike M and Nuthmann, Antje and Shu, Hua},
title = {{Flexible saccade-target selection in Chinese reading}},
journal = {The Quarterly Journal of Experimental Psychology},
year = {2010},
volume = {63},
number = {4},
pages = {705--725},
month = apr
}

@article{MacKay:1979wz,
author = {MacKay, Donald G and Fulkerson, David C},
title = {{On the comprehension and production of pronouns}},
journal = {Journal of Verbal Learning and Verbal Behavior},
year = {1979},
volume = {18},
number = {6},
pages = {661--673}
}

@article{Li:2011dx,
author = {Li, Xingshan and Liu, Pingping and Rayner, Keith},
title = {{Eye movement guidance in Chinese reading: Is there a preferred viewing location?}},
journal = {Vision Research},
year = {2011},
volume = {51},
number = {10},
pages = {1146--1156},
month = may
}

@article{Madson:1999wl,
author = {Madson, Laura and Hessling, Robert M},
title = {{Does alternating between masculine and feminine pronouns eliminate perceived gender bias in text?}},
journal = {Sex roles},
year = {1999},
volume = {41},
number = {7-8},
pages = {559--575}
}

@article{Kutas:1983ub,
author = {Kutas, Marta and Hillyard, SA},
title = {{Event-related brain potentials to grammatical errors and semantic anomalies}},
journal = {Memory {\&} Cognition},
year = {1983}
}

@article{Stolcke:1995ti,
author = {Stolcke, Andreas},
title = {{An efficient probabilistic context-free parsing algorithm that computes prefix probabilities}},
journal = {Computational linguistics},
year = {1995},
volume = {21},
number = {2},
pages = {165--201}
}

@incollection{Gibson:2000ug,
author = {Gibson, Edward},
title = {{The Dependency Locality Theory: A Distance-Based Theory of Linguistic Complexity}},
booktitle = {Image, language, brain},
year = {2000},
editor = {Miyashita, Y and Marantz, A and O'Neil, W},
pages = {95--126},
publisher = {MIT Press},
address = {Cambridge, MA}
}

@article{Sobkowiak:1993ir,
author = {Sobkowiak, W{\l}odzimierz},
title = {{Unmarked-before-marked as a Freezing Principle}},
journal = {Language and Speech},
year = {1993},
volume = {36},
number = {4},
pages = {393--414}
}

@article{Hall:2010wm,
author = {Hall, D and Klein, D},
title = {{Finding cognate groups using phylogenies}},
year = {2010}
}

@article{Allan:2008cd,
author = {Allan, Keith},
title = {{Hierarchies and the choice of left conjuncts (with particular attention to English)}},
journal = {Journal of Linguistics},
year = {2008},
volume = {23},
number = {01},
pages = {51},
month = nov
}

@techreport{Temperley:2013wu,
author = {Temperley, David},
title = {{INFORMATION FLOW AND REPETITION IN MUSIC}},
year = {2013},
month = jun
}

@article{Gustafsson:1976vt,
author = {Gustafsson, Marita},
title = {{The frequency and 'frozenness' of some English binomials}},
journal = {Neuphilologische Mitteilugen},
year = {1976},
volume = {77},
pages = {623--637}
}

@article{vonderMalsburg:2012dg,
author = {von der Malsburg, Titus and Vasishth, Shravan},
title = {{Scanpaths reveal syntactic underspecification and reanalysis strategies}},
journal = {Language and Cognitive Processes},
year = {2012},
pages = {1--34},
month = nov
}

@article{Frank:2012bz,
author = {Frank, S L and Bod, R and Christiansen, M H},
title = {{How hierarchical is language use?}},
journal = {Proceedings of the Royal Society B: Biological Sciences},
year = {2012},
volume = {279},
number = {1747},
pages = {4522--4531},
month = oct
}

@article{Donkers:2011bp,
author = {Donkers, Jantien and Hoeks, John C J and Stowe, Laurie A},
title = {{D-linking or set-restriction? Processing Which-questions in Dutch}},
journal = {Language and Cognitive Processes},
year = {2011},
pages = {1--20},
month = oct
}

@article{Bergen:2012ws,
author = {Bergen, Leon and Goodman, Noah and Levy, Roger},
title = {{That's what she (could have) said}},
journal = {Proceedings of CogSci 2012},
year = {2012},
pages = {1--6},
month = may
}

@article{Snyder:2011iy,
author = {Snyder, Joel S and Pasinski, Amanda C and McAuley, J Devin},
title = {{Listening strategy for auditory rhythms modulates neural correlates of expectancy and cognitive processing}},
journal = {Psychophysiology},
year = {2011},
volume = {48},
number = {2},
pages = {198--207},
month = jan
}

@article{PeterCarruthers:2012wz,
author = {Peter Carruthers, Stephen Stich and Michael Siegal edt},
title = {{The cognitive basis of science}},
year = {2012},
pages = {1--21},
month = aug
}

@article{Dogan:2005wq,
author = {Dogan, F and Nersessian, N J},
title = {{Design problem solving with conceptual diagrams}},
year = {2005},
pages = {600--605}
}

@article{Grahn:2012bx,
author = {Grahn, Jessica A},
title = {{See what I hear? Beat perception in auditory and visual rhythms}},
journal = {Experimental Brain Research},
year = {2012},
volume = {220},
number = {1},
pages = {51--61},
month = may
}

@article{McDonald:1993wq,
author = {McDonald, J L and Bock, K and Kelly, M H},
title = {{Word and world order: Semantic, phonological, and metrical determinants of serial position}},
journal = {Cognitive Psychology},
year = {1993},
volume = {25},
pages = {188--188}
}

@article{Gibson:2013tx,
author = {Gibson, Edward and Bergen, Leon and Piantadosi, Steven T},
title = {{The rational integration of noisy evidence and prior semantic expectations in sentence interpretation}},
year = {2013},
pages = {1--28},
month = feb
}

@article{Staub:2011kr,
author = {Staub, Adrian},
title = {{Word recognition and syntactic attachment in reading: Evidence for a staged architecture.}},
journal = {Journal of Experimental Psychology: General},
year = {2011},
volume = {140},
number = {3},
pages = {407--433}
}

@article{Gibbs:1990wh,
author = {Gibbs, Raymond W},
title = {{Psycholinguistic studies on the conceptual basis of idiomaticity}},
journal = {Cognitive linguistics},
year = {1990},
volume = {1},
number = {4},
pages = {417--451}
}

@article{Goldberg:2003bv,
author = {Goldberg, Adele E},
title = {{Constructions: a new theoretical approach to language}},
journal = {Trends in Cognitive Sciences},
year = {2003},
volume = {7},
number = {5},
pages = {219--224},
month = may
}

@book{Pinker:2000wf,
author = {Pinker, Steven},
title = {{Words and Rules}},
publisher = {Harper Perennial},
year = {2000},
series = {The Ingredients of Language},
month = oct
}

@book{Pinker:1999wf,
author = {Pinker, Steven},
title = {{Words and rules}},
publisher = {Perseus Books},
year = {1999},
series = {the ingredients of language},
month = oct
}

@article{Franck:2002wy,
author = {Franck, J and Vigliocco, G and Nicol, J},
title = {{Subject-verb agreement errors in French and English: The role of syntactic hierarchy}},
journal = {Language and Cognitive Processes},
year = {2002}
}

@article{Foertsch:1997ky,
author = {Foertsch, Julie and Gernsbacher, Morton Ann},
title = {{IN SEARCH OF GENDER NEUTRALITY:. Is Singular They a Cognitively Efficient Substitute for Generic He?}},
journal = {Psychological Science},
year = {1997},
volume = {8},
number = {2},
pages = {106--111},
month = mar
}

@article{Sanford:2007gk,
author = {Sanford, Anthony J and Filik, Ruth},
title = {{``They'' as a gender-unspecified singular pronoun: Eye tracking reveals a processing cost}},
journal = {The Quarterly Journal of Experimental Psychology},
year = {2007},
volume = {60},
number = {2},
pages = {171--178},
month = feb
}

@article{Shinjo:1987tu,
author = {Shinjo, Makiko and Myers, Jerome L},
title = {{The role of context in metaphor comprehension}},
journal = {Journal of Memory and Language},
year = {1987},
volume = {26},
number = {2},
pages = {226--241}
}

@incollection{Featherston:2005uia,
author = {Featherston, Sam},
title = {{The Decathlon Model of Empirical Syntax}},
booktitle = {Linguistic evidence: Empirical, theoretical and computational perspectives},
year = {2005},
editor = {Kepster, Stephan and Reis, Marga},
pages = {187--208},
publisher = {Mouton De Gruyter},
address = {Berlin},
month = mar,
annote = {Argues that grammaticality judgments are not directly linked to probability of production}
}

@inproceedings{MooreCantwell:2012we,
author = {Moore-Cantwell, Claire},
title = {{Syntactic Probability Influences Duration}},
booktitle = {CUNY 2012},
year = {2012},
pages = {1--1},
month = mar
}

@incollection{Phillips:2012ts,
author = {Phillips, C.},
title = {{On the Nature of Island Constraints. I: Language Processing and Reductionist Accounts}},
booktitle = {Experimental syntax and island effects},
year = {2012},
editor = {Sprouse, J. and Hornstein, Norbert},
pages = {1--47},
publisher = {Cambridge University Press},
month = jan
}

@article{Neville:1991ua,
author = {Neville, H and Nicol, JL and Barss, A and Forster, KI and Garrett, MF},
title = {{Syntactically based sentence processing classes: Evidence from event-related brain potentials}},
journal = {Journal of Cognitive {\ldots}},
year = {1991}
}

@article{Crawford:2011tq,
author = {Crawford, J.},
title = {{Using syntactic satiation to investigate subject islands}},
journal = {Proceedings of the 29th West Coast Conference on Formal Linguistics (WCCFL 29)},
year = {2011}
}

@article{Temperley:2007eg,
author = {Temperley, David},
title = {{Minimization of dependency length in written English}},
journal = {Cognition},
year = {2007},
volume = {105},
number = {2},
pages = {300--333},
month = nov
}

@article{Arnold:2000vw,
author = {Arnold, J.E. and Losongco, A. and Wasow, T. and Ginstrom, R.},
title = {{Heaviness vs. newness: The effects of structural complexity and discourse status on constituent ordering}},
journal = {Language},
year = {2000},
volume = {76},
number = {1},
pages = {28--55}
}

@article{Rosch:1975ut,
author = {Rosch, E. and Mervis, C.B.},
title = {{Family resemblances: Studies in the internal structure of categories}},
journal = {Cognitive Psychology},
year = {1975},
volume = {7},
number = {4},
pages = {573--605}
}

@article{Pinker:1991vn,
author = {Pinker, Steven},
title = {{Rules of Language}},
journal = {Science, New Series},
year = {1991},
volume = {253},
number = {5019},
pages = {530--535},
month = aug
}

@article{Prince:1988vv,
author = {Prince, Alan and Pinker, Steven},
title = {{Rules and connections in human language}},
journal = {Trends in Neurosciences},
year = {1988},
volume = {11},
number = {5},
pages = {195--202}
}

@article{Featherston:2005do,
author = {Featherston, Sam},
title = {{Magnitude estimation and what it can do for your syntax: some wh-constraints in German}},
journal = {Lingua},
year = {2005},
volume = {115},
number = {11},
pages = {1525--1550},
month = nov
}

@article{Anonymous:RpFk440I,
author = {Keller, Frank},
title = {{Gradience in Grammar: Experimental and Computational Aspects of Degrees of Grammaticality}},
year = {2000}
}

@article{Ambridge:2008jb,
author = {Ambridge, Ben and Pine, Julian M and Rowland, Caroline F and Young, Chris R},
title = {{The effect of verb semantic class and verb frequency (entrenchment) on children's and adults' graded judgements of argument-structure overgeneralization errors}},
journal = {Cognition},
year = {2008},
volume = {106},
number = {1},
pages = {87--129},
month = jan
}

@article{Gollan:2011kp,
author = {Gollan, Tamar H and Slattery, Timothy J and Goldenberg, Diane and Van Assche, Eva and Duyck, Wouter and Rayner, Keith},
title = {{Frequency drives lexical access in reading but not in speaking: The frequency-lag hypothesis.}},
journal = {Journal of Experimental Psychology: General},
year = {2011},
volume = {140},
number = {2},
pages = {186--209}
}

@article{Gibson:1998wr,
author = {Gibson, E.},
title = {{Linguistic complexity: Locality of syntactic dependencies}},
journal = {Cognition},
year = {1998},
volume = {68},
number = {1},
pages = {1--76}
}

@article{SiyanovaChanturia:2011ep,
author = {Siyanova-Chanturia, Anna and Conklin, Kathy and van Heuven, Walter J B},
title = {{Seeing a phrase ``time and again'' matters: The role of phrasal frequency in the processing of multiword sequences.}},
journal = {Journal of Experimental Psychology: Learning, Memory, and Cognition},
year = {2011},
volume = {37},
number = {3},
pages = {776--784}
}

@article{Vilares:2012ge,
author = {Vilares, Iris and Howard, James D and Fernandes, Hugo L and Gottfried, Jay A and Kording, Konrad P},
title = {{Differential Representations of Prior and Likelihood Uncertainty in the Human Brain}},
journal = {Current Biology},
year = {2012},
volume = {22},
number = {18},
pages = {1641--1648},
month = sep
}

@article{Levy:2012tc,
author = {Levy, R. and Keller, F.},
title = {{Expectation and locality effects in German verb-final structures}},
journal = {Journal of Memory and Language},
year = {2012}
}

@article{Dils:2010co,
author = {Dils, Alexia Toskos and Boroditsky, Lera},
title = {{Processing unrelated language can change what you see}},
journal = {Psychonomic Bulletin {\&} Review},
year = {2010},
volume = {17},
number = {6},
pages = {882--888},
month = dec
}

@article{Boroditsky:2000wb,
author = {Boroditsky, Lera},
title = {{Metaphoric structuring: Understanding time through spatial metaphors}},
journal = {Cognition},
year = {2000},
volume = {75},
number = {1},
pages = {1--28}
}

@article{Arnon:2010hz,
author = {Arnon, Inbal and Snider, Neal},
title = {{More than words: Frequency effects for multi-word phrases}},
journal = {Journal of Memory and Language},
year = {2010},
volume = {62},
number = {1},
pages = {67--82},
month = jan
}

@article{Idemaru:tx,
author = {Idemaru, K and Holt, L and Kapatsinski, V},
title = {{The time-course and nature of dimension-based statistical learning}},
journal = {pages.uoregon.edu
}
}

@book{Bod:1998tx,
author = {Bod, Rens},
title = {{Beyond Grammar}},
publisher = {Stanford Univ Center for the Study},
year = {1998},
series = {An Experience-Based Theory of Language}
}

@article{Fukuda:2011vb,
author = {Fukuda, S. and Goodall, G. and Michel, D. and Beecher, H.},
title = {{Is Magnitude Estimation Worth the Trouble}},
journal = {Proceedings of the 29th annual West Coast Conference on Formal Linguistics},
year = {2011}
}

@article{Pickering:1999vt,
author = {Pickering, Martin J and Branigan, Holly P},
title = {{Syntactic priming in language production}},
journal = {Trends in Cognitive Sciences},
year = {1999},
volume = {3},
number = {4},
pages = {136--141}
}

@phdthesis{Bicknell:2011up,
author = {Bicknell, K.},
title = {{Eye movements in reading as rational behavior}},
school = {University of California, San Diego},
year = {2011}
}

@article{Chater:2006ur,
author = {Chater, Nick and Manning, Christopher D},
title = {{Probabilistic models of language processing and acquisition}},
journal = {Trends in Cognitive Sciences},
year = {2006},
volume = {10},
number = {7},
month = jul
}

@article{Hannon:2007fm,
author = {Hannon, Erin E and Trainor, Laurel J},
title = {{Music acquisition: effects of enculturation and formal training on development}},
journal = {Trends in Cognitive Sciences},
year = {2007},
volume = {11},
number = {11},
pages = {466--472},
month = nov
}

@article{Zatorre:2002tw,
author = {Zatorre, Robert J and Belin, Pascal and Penhune, Virginia B},
title = {{Structure and function of auditory cortex: music and speech}},
journal = {Trends in Cognitive Sciences},
year = {2002},
volume = {6},
number = {1},
pages = {37--46}
}

@book{Schutze:1996wr,
author = {Sch{\"u}tze, CT},
title = {{The empirical base of linguistics: Grammaticality judgments and linguistic methodology}},
publisher = {The University of Chicago Press},
year = {1996}
}

@article{Bock:1990ur,
author = {Bock, Kathryn and Loebell, Helga},
title = {{Framing sentences}},
journal = {Cognition},
year = {1990},
volume = {35},
number = {1},
pages = {1--39}
}

@article{Tabor:2004ts,
author = {Tabor, W and Galantucci, B and Richardson, D},
title = {{Effects of merely local syntactic coherence on sentence processing}},
journal = {Journal of Memory and Language},
year = {2004},
volume = {50},
pages = {355--370}
}

@incollection{Manning:2003tm,
author = {Manning, C D},
title = {{Probabilistic syntax}},
year = {2003},
editor = {Bod, R and Hay, Jennifer and Jannedy},
pages = {289--341},
publisher = {MIT Press},
address = {Cambridge, MA}
}

@incollection{Featherston:2005ui,
author = {Featherston, S},
title = {{The decathlon model of empirical syntax}},
booktitle = {Linguistics Evidence: Empirical, Theoretical and Computational Perspectives},
year = {2005},
editor = {Kepser, Stephan and Reis, Marga},
pages = {187--208},
publisher = {Mouton De Gruyter}
}

@book{Bod:2003uw,
editor = {Bod, Rens and Scha, Remko and Sima'an, Khalil},
title = {{Data-{O}riented {P}arsing}},
publisher = {University of Chicago Press},
year = {2003}
}

@inproceedings{Fossum:2012wi,
author = {Fossum, Victoria and Levy, Roger},
title = {{Sequential vs. Hierarchical Syntactic Models of Human Incremental Sentence Processing}},
booktitle = {CMCL 2012},
year = {2012},
pages = {1--9},
month = may
}

@article{Smith:XR_8I9o3,
author = {Smith, Nathaniel J and Levy, Roger},
title = {{Word predictability has a logarithmic effect on reading time}},
year = {2012},
month = jan
}

